2978 5122
634 208 850 263 ...24-

153 386 262 446 mentis
287 394 381 446 status
404 386 649 464 descriptionem,
674 386 745 446 satis
767 386 867 446 habeo
889 405 928 445 eo
948 386 1104 455 illustrare,
1130 384 1217 461 quod
1239 383 1317 454 Aiax,

154 514 336 570 quamquam
360 496 434 553 nihil
468 497 507 554 de
532 495 635 555 divina
665 496 800 553 insaniae
827 495 943 570 origine
969 514 987 551 a
1014 495 1183 551 Tecmessa
1211 493 1319 551 discere

154 612 279 676 poterat,
302 613 403 660 tamen
428 604 506 661 bene
529 614 574 660 est
597 603 736 661 conscius
756 603 858 679 paullo
881 616 949 678 post
971 601 1126 659 ,llinen‘ae
1149 597 1319 657 calamitatis

154 708 293 765 auctricis
319 711 368 771 ici.
394 729 451 767 sss.
477 730 537 781 40¹
566 712 667 786 sequt

262 816 367 890 Longe
383 835 453 875 sero
477 818 563 876 aliter
579 818 738 893 Euripides
761 817 904 875 describit
920 816 1081 875 Herculem
1103 815 1147 873 ad
1170 814 1320 873 sanitatem

155 920 340 981 redeuntem.
396 925 503 999 Neque
522 926 658 1000 negabis,
676 925 783 982 mirum
807 924 838 981 in
854 924 976 982 modum
999 924 1077 981 hanc
1092 921 1321 999 descriptionem

155 1045 222 1085 cum
248 1030 423 1105 Kraepelini
448 1032 546 1089 serbis
570 1051 660 1107 supra
683 1031 845 1105 exsignatis
868 1031 1037 1089 concinere.

261 1156 361 1229 Atque
376 1155 503 1229 primum
520 1158 551 1215 in
568 1159 709 1227 Hercule,
733 1157 818 1215 finito
845 1176 953 1232 sopore
975 1157 1065 1232 plane
1087 1156 1210 1215 evanuit
1231 1154 1322 1214 omnis

157 1260 351 1330 calamitatis,
387 1281 464 1336 quae
499 1264 592 1323 modo
625 1264 755 1335 accidit,
789 1264 943 1322 memoria.
999 1264 1145 1321 Versatur
1178 1263 1258 1321 enim
1295 1262 1322 1319 in

157 1386 194 1425 ea
216 1368 324 1425 mentis
360 1370 557 1445 corporisque
580 1372 782 1439 coniectione,
813 1386 845 1428 ut
868 1371 942 1428 nihil
972 1370 1057 1427 initio
1079 1388 1251 1446 agnoscens
1272 1368 1323 1425 nisi

156 1474 284 1541 coelum,
302 1487 418 1543 terram,
435 1478 540 1543 solem,
558 1478 656 1535 statim
673 1478 782 1536 sentiat
798 1497 831 1535 se
848 1497 884 1535 ex
900 1477 983 1553 grati
998 1477 1224 1552 perturbatione
1239 1476 1324 1534 modo

156 1598 188 1637 se
204 1582 379 1655 collegisse.
418 1587 573 1659 Apparent
589 1588 670 1643 enim
687 1587 717 1643 in
734 1603 861 1661 corpore
877 1585 984 1651 morbi,
1001 1603 1062 1658 quo
1076 1583 1236 1650 laborarit,
1252 1583 1326 1640 clara

161 1686 285 1762 vestigia
310 1689 388 1746 velut
413 1691 563 1764 pulmonis
596 1711 700 1767 grates
724 1693 854 1750 necdum
887 1692 926 1749 ad
948 1691 1101 1767 pristinam
1131 1690 1327 1748 constantiam

157 1794 288 1851 revocati
321 1796 478 1854 anhelitus.
526 1800 621 1857 Vides
652 1799 755 1874 igitur,
789 1800 878 1857 etiam
912 1799 961 1855 hic
990 1797 1124 1872 corporis
1157 1798 1327 1856 affectiones

158 1917 270 1975 easque
293 1901 378 1958 huius
402 1904 499 1961 morbi
524 1906 660 1980 proprias
687 1907 726 1963 ab
743 1906 887 1981 Euripide
909 1904 1048 1970 describi,
1065 1903 1195 1961 omissas
1212 1922 1326 1980 prorsus

158 2024 176 2062 a
207 2006 367 2082 Sophocle.
416 2011 602 2068 Pedetentim
640 2012 751 2070 deinde
779 2012 904 2087 percipit
931 2010 1085 2077 Hercules,
1113 2029 1195 2085 quae
1222 2011 1329 2067 circum

158 2131 227 2169 eum
252 2113 360 2182 iacent,
385 2135 463 2188 quae
496 2127 597 2176 tamen
621 2129 653 2176 ut
684 2138 752 2176 rere
776 2130 921 2192 agnoscat
953 2129 1066 2174 tantum
1089 2116 1187 2188 abest,
1213 2129 1246 2174 ut
1267 2135 1330 2174 cum

160 2218 359 2278 admiratione
376 2234 509 2295 quaerat,
528 2244 566 2281 an
593 2226 697 2283 iterum
715 2226 745 2281 in
764 2226 877 2282 Orcum
900 2223 1075 2299 pervenerit.
1115 2223 1240 2282 Deinde
1255 2241 1329 2290 vern,

161 2343 228 2381 cum
253 2326 401 2401 desperet,
427 2349 458 2386 se
483 2331 578 2405 ipsum
605 2332 709 2389 miram
735 2350 831 2388 rerum
856 2330 1066 2389 condicionem
1090 2347 1181 2404 posse
1205 2330 1266 2387 sibi
1288 2348 1329 2388 ex·

159 2430 280 2505 plicare,
315 2446 429 2506 patrem
459 2436 530 2494 adit.
579 2438 640 2510 Qui
672 2450 831 2512 postquam
862 2438 915 2495 diu
951 2437 1055 2493 frustra
1085 2435 1209 2508 studuit,
1244 2446 1276 2493 ut
1303 2435 1330 2493 in

160 2538 336 2594 memoriam
361 2539 423 2596 tilio
447 2541 584 2600 insanum
609 2545 726 2602 facinus
759 2545 915 2620 redigeret,
940 2554 1033 2600 totam
1055 2542 1188 2617 denique
1213 2542 1332 2600 calami·

160 2650 251 2700 tatem
275 2645 391 2718 roganti
417 2647 479 2703 tuin
503 2651 634 2724 exponit.
683 2654 782 2724 Atque
813 2651 892 2708 adeo
915 2669 994 2718 non,
1018 2649 1090 2706 dum
1114 2660 1215 2706 narrat
1240 2659 1330 2725 pater,

162 2749 310 2807 memoria
335 2751 473 2809 Herculis
503 2756 673 2827 restituitur,
704 2769 735 2814 ut
760 2758 807 2814 rix
840 2757 943 2815 credat
976 2756 1015 2813 de
1049 2754 1141 2830 patris
1173 2756 1331 2813 verborum

160 2854 292 2914 veritate.

268 2963 337 3018 Hoc
361 2963 497 3021 diverbio
521 2968 686 3026 clarissime
711 2970 828 3027 elucere
851 2970 923 3027 mihi
947 2969 1063 3027 videtur
1084 2966 1192 3025 subtile
1224 2979 1332 3043 poetae

160 3065 290 3123 veritatis
316 3068 453 3125 studium.
505 3073 586 3143 Quin
613 3075 671 3131 hoc
695 3077 857 3143 contendo,
889 3095 949 3133 non
981 3075 1052 3133 satis
1083 3092 1172 3150 posse
1200 3073 1333 3148 intellegi

161 3170 239 3226 hanc
263 3191 394 3240 scenam,
421 3174 475 3231 nisi
502 3179 553 3233 tali
587 3181 714 3237 consilio
748 3201 831 3238 usum
866 3200 931 3239 esse
965 3181 1137 3256 Euripidem
1169 3199 1331 3238 sumamus

162 3276 263 3334 Habet
287 3278 365 3335 enim
384 3279 459 3337 haec
481 3284 603 3356 quidem
628 3287 788 3361 descriptio
812 3289 943 3362 aliquam
967 3288 1172 3355 offensionem,
1194 3307 1266 3345 cum
1282 3287 1334 3346 sci·

162 3392 214 3436 ant
238 3394 421 3456 spectatores
445 3406 550 3447 omnes
576 3392 640 3449 illas
665 3412 720 3458 reS,
746 3413 821 3465 (pias
846 3395 907 3451 filio
937 3405 998 3452 tam
1032 3393 1197 3451 minutatim
1231 3395 1334 3452 frusta·

161 3485 274 3559 riuique
299 3492 421 3564 exponit
446 3505 546 3567 pater;
575 3517 673 3572 neque
697 3481 826 3569 mirarer,
863 3501 886 3556 si
916 3501 964 3558 hic
996 3502 1168 3559 adnotasset
1193 3499 1333 3558 tvitamo

162 3591 236 3659 witz,
261 3597 424 3654 excessisse
448 3612 567 3672 poetam
592 3605 733 3661 terminos
758 3607 828 3663 artis
852 3607 1037 3666 dramaticae
1062 3606 1175 3682 legibus
1209 3605 1334 3664 circum·

162 3696 297 3771 scriptos.

269 3805 445 3867 Universam
479 3812 566 3887 igitur
599 3835 666 3873 cum
701 3817 818 3876 intueor
851 3821 974 3878 insanae
1005 3819 1237 3896 descriptionem
1272 3839 1336 3878 non

161 3924 283 3981 possum
307 3915 475 3973 concedere
499 3919 734 3990 ll⁷ilatuowitzi0,
761 3925 873 3999 ingenii
898 3927 1026 3984 ubertati
1054 3927 1140 3984 nimis
1173 3927 1336 3985 indulsisse

162 4013 346 4086 Euripidem,
372 4020 432 4090 qui,
458 4022 481 4077 si
506 4026 651 4096 peccarit,
677 4041 799 4102 propter
822 4032 910 4089 nimis
935 4044 1103 4090 accuratam
1126 4032 1256 4091 veritatis
1283 4033 1336 4091 ob·

162 4119 362 4177 servationem
388 4124 486 4198 lapsus
510 4139 563 4195 est,
590 4130 629 4187 ita
654 4144 683 4190 ut
708 4134 917 4210 descriptionis
942 4140 1168 4213 singularitates
1189 4156 1263 4212 quas
1282 4159 1336 4198 no-

162 4223 232 4281 tavit
257 4225 464 4295 ll'ilamowitz,
489 4249 550 4288 nou
574 4243 634 4292 tam
659 4250 768 4311 poetae
792 4243 950 4302 luxurianti
976 4264 1065 4319 quam
1090 4255 1212 4302 naturae
1236 4244 1336 4321 perito

162 4328 321 4409 tribuenda
346 4332 508 4395 rideantur.
