2978 5122
559 290 794 356 ...5,..‹

79 485 155 527 num
178 464 376 529 differentiam
399 467 512 541 attinet,
545 469 699 531 dissuadet
733 471 804 531 satis
841 471 950 533 diserte
974 472 1148 534 Ermerinsii
1182 493 1252 535 con·

80 575 234 645 iecturam,
269 576 350 651 quod
385 595 483 652 neque
518 578 638 636 verbam
678 578 861 664 φροντίζειν
895 598 992 656 neque
1036 577 1137 646 ἄνιᾶν
1172 584 1252 660 apud

81 691 235 740 auctorem
258 682 297 741 de
321 684 412 741 corde
436 685 581 759 leguntur.

191 789 329 865 Denique
365 808 434 848 vero
472 802 565 849 totum
590 802 796 866 argumentum
832 791 938 855 libelli
961 792 1117 869 indignum
1141 795 1252 854 iudicat

81 896 233 955 Ermerins
261 915 395 954 »summo
420 908 448 955 et
472 897 628 973 ingenioso
653 908 776 957 naturae
801 899 993 958 observatore
1017 901 1165 960 Graeco«
1246 922 1250 930 ·

190 1003 278 1072 Ecce,
304 1013 446 1077 quantum
472 1004 547 1065 inter
584 1023 615 1065 se
650 1005 760 1070 distent
783 1004 913 1063 virorum
938 1005 1093 1071 doctorum
1124 1007 1249 1073 iudicia.

80 1108 241 1167 Neminem
266 1108 345 1167 enim
370 1110 445 1167 inter
468 1122 592 1178 ceteros,
607 1111 668 1189 qui
693 1112 731 1175 de
756 1111 813 1169 boc
837 1111 913 1175 libro
937 1112 1171 1195 disputaverunt,
1209 1116 1252 1181 in.

80 1215 207 1284 veneris,
232 1215 304 1289 quin
328 1216 430 1276 laudet
454 1216 541 1273 valde
565 1217 694 1274 auctoris
718 1217 880 1292 ingenium.
930 1219 1043 1283 Omnes
1077 1238 1167 1298 vero,
1199 1221 1251 1297 qui

78 1321 230 1380 ascribere
254 1322 427 1380 dubitavere
451 1321 631 1401 Hippocrati
655 1334 812 1385 tractatum
836 1333 983 1398 nostrum,
1020 1336 1172 1393 auctorem
1206 1345 1252 1391 su·-

79 1438 166 1487 munt
189 1427 282 1488 virum
306 1427 387 1487 haud
411 1429 570 1487 mediocris
595 1428 716 1505 ingenii.
741 1430 779 1486 cf.
815 1431 934 1487 Gruner
961 1448 1043 1497 cens.
1077 1432 1129 1490 lib.
1155 1433 1249 1516 Hipp.

79 1553 152 1609 pgg.
184 1537 239 1594 162
292 1552 341 1609 7²·
368 1535 454 1592 Dietr
478 1555 546 1610 pgg.
574 1530 685 1609 89l99.
722 1535 824 1593 Littre'.
851 1538 873 1594 l.
899 1556 968 1615 pgg.
995 1531 1128 1620 354l55,
1165 1538 1249 1600 alios.
1282 1546 1284 1551 “
1356 1561 1361 1569 ·
1460 1516 1465 1526 ¹

80 1639 164 1715 Quin
190 1641 344 1701 Hallerum
370 1633 450 1723 (artis
475 1641 583 1700 medic.
610 1640 758 1718 principes
776 1643 829 1699 ΙΙΙ.
849 1639 984 1725 411l12)
1009 1662 1048 1702 ne
1073 1644 1252 1727 Hippocrati

79 1746 139 1822 ipsi
164 1746 316 1808 addiceret
340 1747 484 1815 libellum,
510 1747 700 1809 anatomicae
725 1747 853 1805 auctoris
877 1748 957 1806 haud
974 1768 1085 1831 parvae
1109 1750 1251 1819 scientiae

78 1851 288 1915 sollicitavere.
336 1856 451 1911 Haeser
475 1853 604 1929 denique
628 1853 752 1934 (Gescb.
779 1853 808 1911 d.
835 1854 916 1912 Med.
943 1855 966 1912 Ι.
992 1875 1040 1936 pg.
1071 1873 1127 1931 125
1155 1867 1183 1921 et
1200 1843 1250 1932 pg.

84 1951 219 2035 inlyss)
242 1977 360 2038 prorsus
378 1959 601 2037 Hippocateam
618 1959 824 2023 auctoritatem
849 1959 918 2016 huic
941 1961 1080 2026 tractatui
1108 1961 1249 2029 attribuit,
1308 2019 1311 2023 ,

189 2066 276 2141 Quae
301 2084 368 2123 cum
393 2064 434 2128 ita
459 2064 526 2134 sint,
552 2083 605 2145 per
627 2083 659 2123 se
690 2064 780 2122 sutilis
818 2064 890 2122 mihi
923 2065 1038 2131 videtur
1072 2066 1127 2135 ista
1151 2070 1251 2137 Eme-

78 2169 163 2247 rinsii
188 2171 273 2229 ratio.

188 2279 234 2337 Ac
257 2284 314 2354 ego
339 2278 460 2353 quidem
477 2277 579 2335 nescio
597 2297 636 2336 an
655 2279 846 2337 commendet
864 2277 1080 2360 Hippocratem
1098 2290 1250 2351 auctorem

76 2395 143 2445 tota
166 2384 259 2444 libelli
283 2381 410 2442 indoles.
451 2369 582 2441 Intendit
605 2383 685 2442 enim
719 2382 805 2458 quasi
829 2383 924 2460 digito
947 2403 1002 2442 nos
1026 2385 1066 2443 ad
1090 2404 1156 2451 eum
1179 2386 1249 2451 artis

77 2489 216 2548 medicae
240 2501 347 2551 statum
372 2489 438 2548 talis
463 2489 625 2570 epilepsiae
649 2489 796 2558 tractatio,
820 2489 871 2547 ubi
895 2489 987 2547 literis
1018 2491 1161 2556 mandata
1184 2492 1249 2551 foro

77 2596 207 2672 primum
232 2616 263 2655 se
286 2596 483 2656 committeret
507 2615 587 2654 nova
609 2615 706 2671 eaque
731 2615 799 2659 vera
823 2596 995 2661 morborum
1019 2607 1141 2663 naturae
1166 2596 1250 2663 inda-

76 2690 172 2778 gati0,
197 2723 274 2777 quae
298 2703 396 2761 statim
421 2703 460 2763 ab
485 2702 568 2761 initio
585 2702 691 2761 veteris
708 2702 925 2783 superstitionis
949 2701 1118 2765 adversaria
1140 2701 1252 2769 exstitit

76 2827 169 2885 quarn
193 2811 345 2876 acerrima,
374 2821 404 2867 ut
428 2809 573 2867 stabiliret
597 2808 779 2866 medicinae·
800 2807 1006 2866 auctoritatem
1041 2827 1078 2869 ex
1112 2808 1250 2875 salsarum

76 2916 160 2991 vulgi
184 2917 359 2992 opinionum
385 2915 563 2973 refutatione
586 2915 697 2991 putidis
714 2933 869 2988 magorum
887 2914 997 2972 artibus
1014 2913 1142 2989 decepti.
1181 2915 1251 2981 Huc

76 3023 188 3081 cadere
212 3023 285 3080 mibi
308 3023 423 3085 videtur
438 3021 597 3078 bellicosus
614 3021 664 3080 ille
681 3031 770 3096 atque
787 3039 907 3097 pugnax
931 3021 1024 3087 libelli
1043 3019 1136 3095 stiluS,
1161 3039 1250 3096 quem

76 3138 112 3186 ut
140 3129 294 3187 adhiberet
325 3128 491 3186 invitabant
514 3127 734 3202 Hippocratem
770 3127 849 3203 vulgi
886 3119 1036 3202 imperitia
1074 3136 1102 3184 et
1137 3126 1251 3185 nefaria

78 3254 236 3310 magorum
261 3236 360 3294 studia

187 3343 248 3400 Sed
272 3360 455 3416 ‹prarnquam
481 3343 565 3416 plura
589 3341 677 3398 nobis
702 3340 839 3398 videntur
857 3339 1076 3414 Hippocratem
1100 3357 1249 3397 commen-

75 3448 151 3506 dare
173 3448 266 3506 libelli
290 3459 451 3516 auctorem,
485 3448 562 3505 bene
587 3458 687 3504 tanren
726 3446 870 3504 habemus
905 3455 1092 3521 perspectum
1125 3446 1250 3503 multum

75 3554 194 3627 abesse,
220 3566 251 3612 ut
273 3553 480 3612 difficillimam
505 3553 542 3610 de
566 3552 696 3628 genuina
720 3552 787 3609 libri
819 3551 920 3610 indole
953 3551 1160 3627 quaestionem
1198 3552 1249 3609 ab·

75 3660 267 3729 solverimuS,
293 3660 330 3719 de
355 3679 415 3733 quo
441 3670 554 3717 certum
578 3659 681 3733 nequit
709 3658 834 3716 stabiliri
858 3657 999 3716 iudicium
1024 3657 1079 3715 nisi
1104 3677 1140 3715 ex
1164 3675 1249 3714 accu-

75 3766 227 3824 ratissimo
251 3778 279 3825 et
304 3765 533 3840 diligentissimo
558 3765 678 3824 dicendi
704 3765 821 3839 generis
845 3764 992 3823 examine.
1040 3765 1111 3821 Hoc
1135 3774 1248 3821 tantum

75 3873 270 3948 profitemur,
307 3890 358 3929 cur
392 3871 431 3929 de
462 3872 649 3946 Hippocrate
685 3871 770 3929 huius
805 3871 871 3928 libri
909 3882 1031 3929 auctore
1068 3869 1247 3940 dubitemne,

73 3979 190 4038 nullam
216 3979 316 4037 adhuc
340 3978 427 4036 nobis
452 3978 645 4053 suppeditare
670 3977 814 4036 rationem
839 3977 909 4035 satis
933 3987 1052 4035 certam.
1084 4010 1118 4016 -
