2978 5122
627 296 849 378 ‘.⁴⁹··

151 469 261 554 ἕτεριιν
285 468 321 532 δὲ
344 480 427 555 μέγα
451 470 631 558 τεκμήριον,
658 464 707 535 ὅτι
730 468 828 538 οὐδὲν
850 470 1024 559 θειότερόν
1053 468 1141 538 ἔστιν
1172 478 1240 539 rua
1263 466 1324 540 ior·

152 577 227 638 πῶν
242 576 470 661 νσυσημᾶτων·
497 593 575 642 τοῖσι
598 576 661 665 γάρ
685 576 927 662 φλεγματώδεσι
943 578 1038 662 φύσει
1052 589 1217 661 γίγνεται·
1242 596 1325 647 τοῖσι

85 770 91 781 ⁶
152 678 190 744 δὲ
212 681 386 764 χολώδεσιν
409 675 447 750 ori
470 691 670 772 προσπίπτει
694 719 733 728 -
760 718 802 727 -

259 790 353 849 Vides
376 791 465 867 igitur
487 810 549 850 non
574 790 756 850 extrinsecus
780 809 846 850 esse
874 793 993 850 allatam
1026 793 1080 850 sed
1112 793 1321 870 disputationis
1388 836 1390 840 =

153 895 254 953 ordini
288 896 399 972 optime
435 897 575 956 insertam
612 898 749 956 furtivam
784 897 870 956 istam
905 899 1091 958 sententiam.
1146 901 1234 974 Quae
1257 920 1324 960 cum

153 1001 196 1058 ita
218 1002 286 1072 sint,
319 1004 442 1078 putidae
476 1004 650 1063 imitationis
682 1023 803 1063 movere
835 1005 1036 1080 suspicionem
1071 1007 1151 1065 hunc
1185 1007 1252 1065 libri
1286 1009 1326 1067 de

153 1108 261 1165 morbo
294 1127 379 1167 sacro
414 1110 524 1180 locum,
560 1130 622 1169 non
658 1129 779 1186 possum
809 1111 978 1169 concedere
1001 1112 1192 1172 Ermerinsio.
1242 1114 1325 1187 Quin

154 1215 339 1273 contendere
362 1217 466 1287 ausim,
491 1218 582 1292 longe
605 1217 749 1276 maiorem
774 1217 833 1274 vim
860 1218 1097 1293 gravitatemque
1131 1219 1180 1277 hic
1213 1220 1327 1279 habere

152 1321 215 1378 tale
254 1332 460 1397 argumentum
502 1342 593 1398 quarn
632 1324 714 1399 apud
752 1332 894 1382 tractatus
929 1324 968 1381 de
1004 1342 1082 1394 aere,
1117 1325 1212 1401 aquis,
1251 1326 1326 1384 locis

154 1436 317 1488 auctorem.

265 1535 367 1610 Atque
390 1537 481 1612 plane
504 1536 618 1611 liquent
640 1554 709 1594 meo
733 1535 845 1594 iudicio
862 1535 973 1606 omnia,
998 1536 1023 1594 si
1046 1546 1204 1612 utrumque
1225 1538 1326 1597 locum

154 1640 267 1716 pariter
302 1642 479 1701 ascribimus
505 1643 693 1718 Hippocrati.
750 1645 795 1700 Ita
830 1641 922 1700 euim‘
945 1641 1058 1718 optime
1092 1642 1264 1719 intelligitur
1298 1654 1327 1702 et

154 1747 315 1805 verborum
338 1760 501 1807 concentus
536 1758 566 1807 et
589 1749 818 1824 argumentandi
842 1749 964 1807 rationis
988 1749 1062 1806 mira
1085 1749 1258 1809 similitudo,
1284 1785 1325 1794 -
1413 1765 1414 1768 ’

263 1834 362 1929 ¹Atque
385 1856 424 1914 de
446 1855 613 1913 imitatione
638 1855 695 1913 ista
718 1856 872 1914 hactenus,
923 1856 1059 1913 Transeo
1089 1855 1128 1912 ad
1157 1855 1323 1914 orationem

155 1959 270 2035 ipsam,
306 1979 384 2035 quae
418 1972 450 2020 ut
490 1960 642 2019 dissimilis
687 1960 814 2036 simplici
854 1971 1020 2019 ceterorum
1069 1979 1193 2036 operum
1237 1970 1327 2036 atque

155 2065 246 2122 nimis
282 2067 441 2125 abundans
470 2066 633 2126 ratiociniis
666 2085 733 2124 cum
767 2066 833 2124 aliis
870 2066 1045 2125 recentioris
1077 2066 1182 2125 aetatis
1217 2065 1327 2124 criticis

155 2171 308 2247 genuinae
339 2173 433 2231 libelli
465 2173 589 2249 originis
626 2173 757 2248 aliquam
788 2173 881 2232 movit
898 2173 1134 2242 dubitationem,
1166 2182 1227 2229 tum
1261 2191 1327 2248 spu-

156 2276 231 2335 riam
268 2279 331 2336 eius
366 2279 498 2338 indolem
534 2279 644 2338 diserte
678 2289 801 2338 testatur
836 2256 1029 2337 Ermerinsio.
1097 2280 1150 2337 ‹In
1185 2278 1327 2351 talibus«,

157 2383 264 2458 inquit,
294 2385 411 2461 »potius
441 2388 589 2445 rhetorem
621 2404 656 2444 ac
689 2369 853 2460 sophistam
877 2385 980 2444 audire
1003 2385 1076 2443 mihi
1099 2385 1212 2456 videor,
1238 2404 1328 2460 quam

153 2507 259 2557 ‚senem
285 2490 411 2552 Coum«

265 2598 383 2657 Vellem
407 2599 542 2674 profecto
567 2600 712 2659 rationem
736 2599 889 2659 habuisset
913 2597 956 2657 vir
989 2598 1180 2658 doctissimus
1213 2617 1326 2668 eorum,

159 2722 238 2779 quae
261 2702 347 2763 Dietz
371 2718 484 2765 contra.
499 2707 611 2765 similes
636 2708 764 2766 Gruneri
789 2717 817 2765 et
841 2706 957 2764 Halleri
992 2707 1122 2764 rationes
1157 2704 1328 2782 disputavit,

158 2810 323 2885 inquibus
347 2821 425 2870 totus
461 2813 521 2871 fere
556 2812 766 2887 acquieverim.
810 2813 871 2870 Suo
908 2811 987 2869 enim
1023 2811 1086 2869 iure
1121 2811 1222 2869 dicere
1255 2809 1329 2867 mihi

157 2916 275 2975 videtur
298 2917 329 2994 (l.
354 2920 373 2977 l.
400 2938 469 2995 pgg.
495 2913 618 2996 89l90),
655 2918 739 2994 quod
773 2919 811 2976 ad
844 2918 943 2976 stilum
979 2917 1111 2988 attineat,
1148 2933 1247 2991 neque
1275 2934 1330 2991 par

159 3041 266 3082 essee
290 3034 455 3083 ceterorum
480 3025 677 3101 Hippocratis
701 3025 876 3100 scriptorum
901 3024 1038 3082 examine
1062 3034 1173 3082 certum
1203 3022 1242 3080 de
1266 3021 1329 3079 uni·

158 3147 246 3188 versa
268 3131 331 3188 eius
355 3131 469 3190 ratione
492 3132 643 3190 scribendi
666 3131 797 3189 stabilire
820 3131 973 3200 iudicium,
999 3139 1037 3200 et,
1064 3129 1088 3186 si
1122 3148 1181 3204 qua
1210 3128 1248 3185 sit
1279 3128 1329 3185 hu-

160 3235 243 3294 iusce
265 3236 359 3296 libelli
384 3238 422 3294 ab
447 3238 572 3296 aliorum
596 3238 787 3313 simplicitate
810 3237 975 3307 diversitas,
1001 3255 1067 3294 earn
1092 3235 1162 3292 satis
1188 3233 1330 3310 explicari

160 3342 282 3418 propria
305 3344 469 3418 argumenti
492 3355 609 3404 natura.
646 3347 694 3402 An
710 3345 765 3414 vis
790 3344 918 3402 eundem
938 3343 1036 3400 inesse
1059 3341 1158 3399 stilum
1182 3341 1212 3398 in
1236 3337 1329 3409 libris,

161 3448 280 3522 quibus
295 3450 342 3507 vel
365 3451 538 3508 morborum
562 3450 702 3508 historiae
726 3460 887 3537 narrentur
902 3449 949 3507 vel
973 3447 1085 3506 iudicia
1109 3455 1332 3522 praeceptaque

162 3555 281 3614 medica
304 3567 510 3631 exponantur,.
538 3568 628 3631 atque
663 3556 693 3613 in
718 3575 764 3625 e0‚
790 3574 849 3631 quo
882 3554 980 3612 morbi
1003 3553 1159 3612 cuiusdam
1184 3552 1260 3609 iusta
1283 3569 1332 3608 cu·

161 3662 237 3720 ratio
262 3662 369 3747 acriter
392 3682 411 3720 a
433 3662 552 3723 nefariis
577 3681 731 3739 magorum
756 3663 868 3720 artibus
885 3661 1063 3720 defendatur
1086 3669 1116 3717 et
1135 3659 1229 3717 falsae
1251 3657 1331 3733 vulgi

161 3768 322 3843 opiniones
345 3767 573 3845 impugnentur!

271 3895 362 3951 Porro
385 3905 483 3953 autern
508 3894 539 3952 in
562 3894 640 3952 libro
663 3892 702 3953 de
726 3912 804 3964 aere,
829 3892 924 3968 aquis,
948 3890 1023 3951 locis
1040 3908 1108 3950 vere
1123 3889 1331 3966 Hippocrateo

162 3998 298 4059 eiusdem
322 4000 466 4059 orationis
490 4001 608 4077 generis
632 4000 761 4076 insignia
784 4000 929 4059 habemus
963 3998 1109 4074 exempla,
1146 4015 1225 4072 quae
1260 3995 1332 4054 satis

163 4107 336 4178 ostendunt,
362 4107 485 4166 minime
509 4108 548 4165 ab
572 4107 759 4184 Hippocrate
782 4106 852 4165 talia
876 4105 966 4165 fuisse
988 4104 1098 4165 aliena.
1146 4104 1249 4177 Quare
1265 4120 1333 4161 cum

162 4214 259 4273 altero
302 4215 370 4271 loco
414 4215 573 4274 toleremus
611 4213 806 4290 Hippocratis
843 4212 981 4271 subtilem
1025 4212 1055 4269 in
1097 4210 1177 4286 tulgi
1220 4225 1333 4268 errores

162 4321 463 4398 argumentationem,
488 4340 549 4379 uon
574 4320 673 4390 video,
698 4339 750 4378 cur
774 4320 867 4378 altero
892 4321 967 4376 ferre
990 4317 1129 4375 nolimus.

273 4427 412 4504 Sequitur
447 4427 507 4487 alia
540 4427 714 4488 Ermerinsii
749 4425 916 4499 dubitatio,
952 4443 1044 4503 quam
1079 4423 1206 4485 similem
1242 4419 1336 4485 movit
