2978 5122
674 268 896 324 ...28-

202 461 263 522 Sed
285 460 329 519 vir
352 460 551 531 doctissimus,
577 479 644 519 cum
668 459 709 519 ad
732 478 821 518 unam
846 459 1034 534 eandemque
1057 466 1194 535 spectare
1210 453 1395 533 imaginent

201 570 292 628 verba
314 561 452 654 θολερός
476 580 515 637 et,
540 587 619 642 quae
642 577 815 642 sequuntur,
840 576 956 637 statuat,
990 585 1051 624 non
1084 566 1176 624 habet
1206 583 1256 622 me
1285 550 1412 622 adsti-

201 677 363 751 pulantem.
410 676 488 732 Nam
512 675 639 751 primum
664 673 872 743 dubitaverim,
897 692 968 731 num
985 674 1161 748 Aeschylus,
1184 671 1209 730 si
1232 669 1353 728 voluiss
1376 661 1433 714 *l

202 782 289 840 talem
323 781 484 857 imaginem
520 799 688 857 proponere
720 780 946 855 spectatoribus,
980 781 1104 838 alterum
1137 763 1448 854 compararim—'1⁵

201 889 367 946 membrum
391 907 451 946 uno
475 898 589 946 tantum
613 887 762 946 adiectivo
786 886 873 945 luerit
896 885 1089 945 indicaturus.
1125 886 1204 944 Nam
1221 884 1277 944 etsi
1294 902 1361 959 egr
1371 888 1461 932 ’ΖΨ

200 995 249 1071 gie
272 995 469 1053 Wilamowitz
492 996 595 1070 (Herc.
621 996 690 1054 Eur.
716 997 763 1053 ed.
782 995 821 1062 II,
846 1013 895 1069 pg.
925 993 999 1069 215)
1022 1003 1142 1053 monet:
1185 990 1383 1051 «DerDicK
1404 979 1472 1038 :h-

200 1111 244 1159 ter
276 1101 338 1158 und
371 1101 434 1159 sein
458 1102 540 1158 Volk
572 1101 714 1158 besassen
747 1100 779 1157 in
811 1100 889 1157 ihrer
914 1100 1073 1157 Phantasie
1104 1099 1172 1157 eine
1196 1096 1284 1156 Ftille
1315 1101 1481 1154 vrc20ss

201 1206 368 1265 sinulichen
392 1208 634 1283 Vorstellungen,
660 1209 771 1265 welche
794 1241 839 1250 -
856 1241 896 1250 -
921 1208 974 1264 auf
993 1207 1061 1266 eine
1084 1208 1174 1265 kurze
1189 1205 1484 1265 Andeutunnmg

200 1314 252 1371 hin
276 1315 325 1371 ein
349 1314 485 1372 Vollbild
510 1334 563 1372 aus
588 1314 650 1372 sich
676 1324 862 1390 erzeugten,u
891 1346 933 1355 -
957 1333 993 1372 ea
1016 1329 1116 1371 tamen
1148 1312 1280 1371 diffitear
1310 1326 1411 1370 sert
1422 1317 1487 1356 2¹¹·

200 1420 294 1478 tieudi
318 1421 484 1479 mobilitate
509 1421 598 1479 luisse
623 1423 767 1489 Graecos,
784 1431 824 1486 ut,
843 1440 910 1493 cum
934 1439 1039 1479 vocem
1065 1419 1202 1478 audirent
1225 1415 1372 1501 θολερός
1384 1401 1487 1478 Ἐς,

205 1526 304 1583 statim
329 1527 491 1601 imaginem
516 1528 573 1585 sibi
598 1528 811 1585 constituerent
834 1525 941 1585 alirno
957 1527 1095 1584 fluctibus
1119 1524 1268 1600 permixto
1292 1541 1404 1600 rep&
1420 1529 1488 1568 ⁰8·

202 1631 296 1691 titam.
346 1634 439 1707 Atqui
463 1634 587 1691 instituit
611 1643 691 1692 certe
715 1635 756 1691 ita
788 1633 988 1692 elocutionem
1021 1635 1177 1707 figuratam
1209 1641 1311 1707 poeta,
1342 1640 1438 1688 ιτ]
1458 1628 1487 1672 Ut

201 1738 414 1811 intelligeretur
435 1760 453 1798 a
476 1741 703 1816 spectatoribus.
1083 1742 1085 1746 ’

309 1866 466 1923 Praeterea
490 1867 647 1924 confundit
681 1867 738 1924 hac
762 1866 962 1942 explicatione
985 1867 1060 1923 duas
1083 1864 1230 1940 imagines
1254 1864 1485 1938 prorsu1JJ⁵

200 1969 278 2027 inter
301 1989 332 2029 se
357 1972 499 2031 diversas
537 1974 633 2048 Pergit
650 1973 729 2030 enim
753 1974 855 2048 paullo
879 1972 955 2029 inira
978 1973 1024 2029 his
1047 1971 1164 2030 verbis:
1195 1972 1277 2028 »Das
1294 1970 1483 2027 Dent-¹²·

200 2077 259 2134 ken
284 2077 363 2134 kann
389 2080 438 2137 bei
471 2081 540 2137 dem
564 2081 674 2137 Irrsinn
708 2080 795 2137 keine
827 2080 996 2137 bestimmte
1019 2079 1104 2136 Bahn
1137 2077 1200 2135 und
1224 2076 1417 2150 ordnung
1436 2077 1484 2132 ’ἕ

201 2184 303 2240 finden
328 2185 389 2243 und
413 2186 524 2261 gleieht
549 2187 675 2244 deshalb
699 2187 729 2243 in
750 2187 848 2244 seiner
863 2186 1043 2244 Unklarheit
1058 2185 1119 2242 und
1135 2184 1251 2242 seinem
1267 2183 1428 2240 hubert
1443 2181 1481 2218 ‘¹¹

203 2290 311 2348 Wesen
338 2293 407 2350 dem
431 2294 578 2351 zwischen
603 2295 661 2351 den
679 2295 794 2352 Wellen
811 2292 1091 2351 herumtreibenden
1108 2290 1419 2348 Meerschlammav
1467 2291 1477 2321 <r

202 2397 328 2455 Minime
352 2410 451 2458 autem
476 2401 641 2475 probabilis
673 2401 746 2458 mihi
770 2401 886 2458 videtur
915 2399 1110 2474 comparatio,
1143 2415 1223 2472 quae
1255 2396 1411 2456 duabuz
1434 2394 1479 2436 ¹⁵

202 2503 290 2561 simul
315 2506 496 2579 imaginibus
520 2517 625 2564 utatur.
674 2507 792 2582 Nempe
815 2507 915 2564 statuit
938 2506 994 2563 sibi
1011 2503 1235 2573 Weickleinius,
1259 2521 1321 2560 non
1341 2481 1477 2601 ,qt

199 2612 296 2668 solum
320 2613 366 2670 his
389 2614 487 2671 verbis
511 2615 645 2689 exprimi,
664 2615 745 2671 Ionis
770 2615 851 2672 dicta
874 2614 950 2672 inter
973 2613 1029 2670 diri
1051 2612 1104 2670 sati
1127 2612 1233 2669 fluctus
1263 2610 1404 2686 vagari„
1444 2607 1475 2654 ’ν

199 2728 230 2774 ut
254 2718 340 2776 limus
374 2721 466 2778 modo
490 2722 548 2778 huc
581 2722 673 2779 modo
706 2721 775 2778 illuc
809 2722 925 2788 feratur,
960 2719 1014 2778 sed
1047 2719 1136 2777 etiam
1168 2719 1368 2794 perturbatam
1382 2713 1475 2768 sn

199 2825 281 2882 Ionis
304 2827 462 2884 verborum
487 2829 612 2885 formam
637 2828 764 2886 conferri
789 2846 855 2884 curn
879 2827 943 2884 limi
966 2827 1076 2884 colore.
1125 2826 1197 2898 Qua
1221 2824 1252 2882 in
1276 2843 1307 2884 re
1330 2842 1367 2882 er·
1403 2817 1475 2853 κ’·

199 2950 263 2989 rare
287 2933 380 2991 virum
406 2934 611 2991 doctissimum
636 2946 772 2992 sescenta
788 2935 917 3009 probant
934 2933 1080 3007 exempla,
1098 2932 1207 3005 quibus
1224 2931 1264 2991 de
1282 2949 1367 3006 aqua,
1427 2946 1478 2975 ι’

199 3056 327 3111 quacum
354 3040 547 3113 permiscetur
569 3041 665 3110 limuS,
693 3040 828 3123 θολέρος
852 3039 994 3114 usurpari,
1021 3057 1082 3096 non
1107 3039 1146 3096 de
1169 3037 1253 3108 limo,
1270 3048 1303 3096 ut
1321 3037 1369 3095 ille
1425 3024 1485 3072 3

199 3144 340 3213 voluerat,
367 3155 456 3218 patet.
506 3147 587 3202 Hinc
612 3148 699 3204 facile
724 3156 838 3221 repetes
856 3144 1089 3220 metaphoricam
1106 3144 1188 3201 vocis
1205 3145 1368 3203 notionem.
1454 3159 1478 3173 ‘

200 3249 278 3305 Nam
303 3268 370 3306 cum
395 3269 475 3323 aqua
498 3251 630 3309 turbetur
654 3262 682 3309 et
706 3251 803 3308 lurida
826 3253 878 3308 fiat
901 3252 974 3308 limo
999 3251 1138 3315 exeitat0,
1163 3251 1269 3308 tralate
1293 3268 1369 3308 usur·

199 3365 300 3429 patum
339 3357 417 3413 valet
457 3358 518 3414 sere
551 3360 752 3432 perturbatura,
796 3357 948 3425 turbidus,
984 3358 1142 3426 confusus,
1186 3357 1251 3426 vel,
1288 3355 1370 3431 quod

200 3460 373 3534 Hesychius
410 3462 508 3519 reddit
541 3464 655 3523 verbis:
703 3462 891 3547 ταραχῶδες
927 3497 968 3505 --
1003 3469 1243 3547 τεταραγμένον
1283 3461 1317 3537 (s.
1343 3482 1370 3520 v.

199 3560 358 3650 θολερός).
398 3570 498 3642 Atque
522 3589 641 3643 prorsus
666 3571 768 3628 fefellit
801 3570 893 3626 virum
928 3569 1143 3637 doctissimum,
1178 3586 1239 3626 non
1268 3567 1371 3627 limum

199 3673 290 3730 humo
315 3685 429 3731 erutum
446 3676 578 3733 colorem
602 3695 674 3750 prae
699 3695 730 3734 se
747 3677 822 3733 ferre
846 3677 1006 3744 turbatum,
1024 3676 1076 3733 sed
1094 3693 1213 3749 aquam,
1230 3693 1293 3748 qua
1308 3694 1371 3750 per·

199 3779 306 3836 mixtus
332 3791 383 3837 est.
425 3782 547 3856 Optime
571 3782 659 3856 igitur
683 3802 748 3839 eum
774 3782 861 3839 maris
886 3801 974 3856 aqua,
993 3800 1071 3855 quae
1094 3777 1198 3838 elimo
1215 3781 1371 3840 sordidum

198 3885 286 3942 traxit
309 3888 452 3957 colorem,
478 3906 651 3962 comparare
675 3898 792 3962 poterat
808 3888 958 3962 Aechylus
983 3888 1153 3961 perturbata
1169 3886 1251 3943 Ionis
1267 3888 1370 3957 verba,

199 3992 321 4050 minime
344 4012 415 4051 vero
439 4013 507 4051 cum
530 3995 613 4063 lirno,
644 3995 755 4069 quippe
787 3995 837 4067 qui
862 3995 1042 4069 respondeat
1073 3992 1208 4050 insaniae
1238 4003 1372 4052 mentem

198 4098 280 4155 lonis
316 4099 454 4158 turbanti.
515 4102 636 4158 Invenit
667 4100 756 4175 igitur
779 4101 981 4158 Weckleinius
1005 4119 1108 4157 sanam
1134 4099 1371 4174 comparationis

199 4204 353 4262 rationem.

306 4310 483 4384 Negaverinr
510 4322 609 4368 tamen
640 4312 791 4386 equidem,
825 4323 927 4368 nostro
957 4312 1026 4368 loco
1057 4311 1095 4368 de
1126 4320 1207 4368 certa
1238 4311 1371 4386 imagine

199 4416 347 4492 cogitasse
371 4428 491 4492 poetam
514 4436 620 4475 vocem
647 4411 783 4503 θολερός
806 4418 995 4475 scribentem.
1059 4416 1118 4474 Sed
1142 4434 1256 4474 meram
1279 4418 1370 4478 habe·
