2978 5122
644 260 862 320 ..23...

163 439 208 501 ab
254 451 317 502 arte
361 437 526 500 dramatica
562 448 646 499 tanta
682 439 813 500 veritatis
859 436 1007 516 imitati03
1053 435 1083 496 in
1130 434 1253 514 singulis
1280 454 1339 497 ¹ve-

166 567 204 608 ro
228 549 407 607 narrationis
430 547 572 606 membris
596 566 675 623 nego
698 546 788 605 licere
817 545 905 605 nobis
929 546 1099 615 offendere,
1125 562 1202 620 quas
1229 543 1339 607 eximia

163 657 304 731 profecto
328 665 390 713 arte
413 655 453 713 ad
477 665 600 712 naturae
625 672 744 711 normas
768 663 859 729 poeta
882 653 1089 712 conformavit.

275 764 388 831 Restat,
413 772 444 818 ut
469 761 577 819 exitum
604 760 705 818 Aiacis
730 760 928 833 Herculisque
953 759 1058 817 furoris
1082 779 1298 835 comparemus,

275 888 374 960 Atque
399 885 429 942 in
452 885 546 943 Aiace
570 884 691 943 remittit
714 883 866 960 paullatim
892 883 1027 942 insaniae
1051 883 1177 960 impetus
1201 884 1337 960 reditque

163 993 274 1051 mentis
297 992 417 1053 sanitas.
465 993 501 1050 cs.
527 1011 569 1050 vs.
596 993 674 1066 306:

326 1111 453 1201 ippone
475 1110 568 1198 μόλις
592 1138 661 1191 πως
685 1113 745 1189 ξύν
768 1108 871 1200 χρόνῳ
895 1120 1110 1178 καθίσταται.

272 1241 409 1300 Herculis
423 1242 551 1300 furorem
562 1260 684 1298 somnus
698 1239 807 1316 excipit
819 1240 918 1314 gravis
929 1261 964 1298 ac
977 1240 1141 1315 profundus
1154 1241 1335 1316 abrumpens

164 1349 298 1406 medium
318 1349 455 1407 furorem.
497 1349 599 1406 Solere
623 1347 664 1405 ita
680 1347 760 1406 effici
783 1347 939 1405 sanitatem
957 1347 1050 1405 tribus
1073 1347 1249 1405 testimoniis
1265 1366 1334 1405 con·

163 1454 353 1512 firmaverim.
401 1454 604 1529 Hippocrates
633 1454 663 1511 in
688 1454 924 1530 aphorismorum
958 1453 1034 1511 libro
1059 1453 1144 1513 dicit:
1171 1445 1250 1530 ,ἵκοι
1272 1477 1334 1516 πα-

162 1558 368 1645 ραφροσύνην
390 1552 491 1634 ὕπνος
516 1555 616 1652 παύῃ,
641 1558 785 1639 ἀγαθόν.

271 1684 428 1742 Cornelius
452 1686 566 1755 Celsus,
600 1686 638 1742 de
661 1683 819 1742 medecina
847 1684 913 1742 libr.
939 1686 990 1741 ΙΙΙ.
1016 1704 1082 1759 cap.
1113 1687 1160 1742 18.
1186 1685 1224 1741 de
1256 1683 1333 1741 insa-

162 1791 314 1849 nientibus
339 1791 455 1851 scribit:
494 1814 506 1844 ›>
517 1792 655 1848 Oeensibus
685 1810 750 1848 aere
772 1792 812 1847 sie
838 1791 943 1864 effetis
972 1809 1085 1848 summes
1111 1798 1138 1847 et
1164 1790 1287 1865 difficilis
1308 1799 1334 1846 et

155 1899 306 1972 praecipue
329 1899 497 1954 necessarius
520 1904 576 1967 est,
599 1898 651 1954 sab
676 1899 727 1954 leuc
746 1898 819 1954 enim
836 1896 964 1971 plerique
985 1904 1158 1954 sanescunt«
1189 1967 1191 1971 y

270 2020 326 2077 His
357 2020 542 2078 adiunxerim
567 2021 652 2077 unius
677 2040 693 2078 e
717 2019 884 2078 recentibus
916 2019 1022 2078 mentis
1047 2009 1218 2078 morborum
1248 2018 1331 2078 inda·

160 2126 314 2202 gatoribus
338 2125 496 2186 iudicium:
522 2129 556 2184 Ε.
585 2127 746 2202 Kraepelin
771 2126 801 2183 in
832 2126 919 2195 libro,
945 2145 1033 2200 quem
1058 2126 1216 2202 inscripsit,
1246 2128 1331 2202 »Psy-

161 2232 303 2290 chiatrie«
332 2231 425 2308 (Lips.
457 2228 551 2314 1889)
584 2253 634 2308 pg.
671 2252 731 2308 249
765 2233 860 2290 delirii
896 2233 1064 2302 transitorii,
1097 2234 1181 2307 equod
1212 2243 1329 2301 vocant,

161 2338 272 2396 exitum
296 2338 342 2396 his
365 2339 463 2397 verbis
488 2339 645 2398 describit:

270 2464 331 2520 Der
362 2463 525 2520 Abschluss
558 2463 697 2521 vollzieht
730 2463 793 2520 sich
824 2463 881 2520 sast
912 2463 1117 2521 ausnahmslos
1151 2464 1243 2522 durch
1275 2464 1329 2522 das

161 2569 321 2645 plo'tzliche
345 2569 498 2626 Eintreten
523 2569 604 2627 eines
628 2570 719 2628 tiefen
744 2569 805 2627 und
828 2570 899 2643 lang
923 2570 1095 2627 dauernden
1114 2570 1258 2639 SchlaseS‚
1276 2590 1329 2629 aus

160 2676 230 2733 dem
255 2676 308 2733 der
331 2675 455 2734 Kranlte
480 2675 532 2732 mit
556 2676 625 2733 dem
650 2676 759 2733 Getuhl
784 2675 838 2733 der
860 2675 1162 2750 Abgeschlagenheit,
1184 2677 1256 2735 aber
1279 2677 1329 2736 bei

160 2781 374 2855 vollstandiger
396 2781 617 2840 Besonnenheit
640 2781 700 2840 und
726 2781 811 2838 meist
835 2782 913 2839 ohne
934 2781 1063 2856 jegliche
1079 2782 1266 2859 Erinnemng
1290 2803 1328 2842 an

159 2888 214 2945 das
238 2888 451 2962 Vorgefallene
475 2888 613 2946 envacht.

267 2995 356 3066 Quae
381 2994 481 3051 onmia
511 3012 601 3067 quam
633 2994 751 3069 egregie
784 2993 965 3052 conveniant
997 3013 1064 3051 cum
1089 2995 1227 3054 Herculis
1260 3008 1329 3071 post

158 3101 286 3156 solutam
311 3099 456 3158 insaniam
482 3110 575 3168 statu,
601 3100 725 3174 posthac
749 3099 925 3158 videbimus.
973 3101 1061 3157 Nunc
1090 3119 1160 3159 vero
1184 3120 1252 3159 cum
1276 3104 1327 3161 So·

158 3206 267 3280 phocle
286 3202 477 3263 'conseramus
502 3206 684 3280 Euripidem.

265 3329 373 3387 Narrat
396 3331 558 3387 Tecmessa
587 3349 643 3388 vss.
671 3335 731 3406 305
758 3352 853 3404 seqq,
886 3332 1040 3405 quomodo
1073 3333 1112 3390 ad
1145 3352 1177 3391 se
1207 3333 1327 3392 redierit
1416 3382 1418 3387 ,

157 3435 244 3492 Aiax.
293 3435 404 3493 Mentis
427 3454 553 3510 compos
586 3438 680 3494 factus
703 3437 801 3494 statim
834 3437 971 3494 conscius
996 3438 1036 3495 rei
1061 3448 1146 3497 actae
1169 3440 1325 3500 vehemen-

156 3541 272 3599 tissimo
297 3541 425 3599 afficitur
448 3543 562 3599 dolore.
611 3543 730 3599 Nullam
743 3534 891 3601 ’eniittens
918 3533 1023 3600 vocem
1048 3544 1099 3602 diu
1123 3546 1208 3605 sedet
1230 3546 1326 3605 caesis

156 3647 322 3721 pecudibus
353 3647 562 3706 circumdatus.
610 3649 717 3722 Neque
746 3661 845 3707 tamen
880 3650 969 3723 plane
1000 3649 1169 3724 perspicere
1199 3651 1323 3724 videtur,

156 3772 233 3826 quac
250 3754 331 3810 facta
348 3753 414 3809 sint.
455 3754 563 3811 Verbis
580 3755 658 3811 enim
676 3755 844 3812 minacibus
861 3756 1051 3813 'l‘ecmessam
1068 3755 1149 3814 iubet
1165 3776 1324 3832 exponere,

154 3858 185 3914 in
211 3877 340 3932 quanam
365 3871 494 3917 versetur
518 3879 613 3917 rerum
638 3860 827 3918 condicione.
876 3861 1007 3919 Edoctus
1032 3862 1069 3920 de
1093 3872 1156 3920 toto
1180 3863 1323 3940 facinore,

154 3965 237 4038 quod
261 3964 382 4038 quidem
409 3967 524 4023 noverit
548 3967 653 4023 mulier
671 3959 719 4044 (cf.
745 3987 787 4025 vs.
806 3969 890 4044 316),
908 3986 1024 4025 summo
1048 3968 1195 4027 cruciatus
1219 3970 1324 4031 dolore

152 4070 284 4128 lamenta
308 4071 379 4128 edit.
406 4105 449 4112 -

262 4179 348 4234 Haec
372 4178 422 4251 qui
448 4177 560 4250 legerit,
585 4160 757 4236 consentiet
781 4190 869 4248 certe,
895 4180 1025 4254 aliquam
1056 4181 1176 4241 dedisse
1200 4201 1323 4257 operam

153 4282 346 4356 Sophoclem,
380 4294 409 4341 ut
433 4284 534 4358 paullo
566 4285 733 4342 accuratius
761 4285 936 4344 insanientis
961 4287 1061 4344 Aiacis
1093 4289 1133 4346 ad
1165 4287 1321 4348 sanitatem

152 4388 309 4447 transitum
327 4388 518 4447 describeret.
560 4391 657 4462 Quem
680 4401 779 4449 tamen
797 4393 887 4466 longe
911 4392 1029 4462 afuisse,
1048 4404 1077 4450 ut
1093 4412 1193 4451 veram
1209 4405 1323 4456 curaret

1051 4635 1054 4641 ’
1116 4634 1381 4816 Α
