2978 5122
587 302 808 359 ..29-

106 495 175 536 mus
200 479 415 554 metaphoram,
441 497 499 553 qua
522 477 705 553 significatur
727 478 844 536 turbata
866 476 949 535 Iouis
970 478 1126 536 verborum
1151 478 1278 551 indoles,

108 585 194 658 quod
211 587 390 654 Hermanus,
408 585 590 650 Schuetzius,
610 585 731 643 Weilius
755 596 835 644 recte
851 585 997 642 viderunt.

217 728 317 786 Ceteri
340 729 514 803 interpretes
538 737 617 785 recte
646 746 751 785 vocem
786 725 922 812 θολερός
953 727 992 784 ad
1015 727 1170 801 sequentia
1204 727 1280 785 trahi

109 834 241 892 noluere.
278 836 363 892 Errat
388 844 486 892 autem
511 834 682 892 Schuetzius
707 835 736 891 in
762 834 941 909 explicando
966 834 1117 909 scriptoris
1141 834 1277 902 consilio,

109 940 172 1013 qui,
208 942 380 1016 »signficat«
416 939 479 1014 (sic.
505 939 569 1018 Io),
602 941 707 1016 inquit,
738 941 891 1015 >querelas
916 958 988 1013 qaas
1011 942 1062 996 aix
1085 959 1131 996 are
1147 941 1280 1016 profarre

109 1046 214 1115 vadat,
238 1048 313 1104 ar'la'l
333 1047 468 1104 adversas
490 1047 677 1104 calamitatem
694 1048 858 1122 pacificam«
908 1046 986 1103 Nam
1011 1046 1140 1103 dubitari
1165 1046 1277 1119 nequit,

110 1152 182 1225 quin
207 1152 295 1210 etiam
320 1153 349 1210 hi
374 1171 474 1211 versus
500 1153 538 1210 ad
562 1153 657 1210 solam
682 1153 849 1227 pertineant
881 1151 1015 1210 insaniae
1045 1152 1277 1227 descriptionem

109 1258 298 1333 eandemque
323 1268 423 1333 atque,
448 1259 500 1333 qui
529 1260 719 1328 antecedunt,
749 1259 880 1317 habeant
913 1268 1099 1333 potestatem.
1136 1258 1278 1334 Corporis

110 1364 226 1421 insania
249 1365 347 1422 affecti
372 1376 478 1423 statum
503 1365 545 1422 eis
569 1366 732 1440 depingere
754 1367 816 1422 vult
839 1374 939 1439 poeta.
976 1365 1093 1437 Quibus
1118 1365 1191 1439 quid
1215 1365 1278 1422 illu-

109 1480 227 1543 stretur,
261 1471 405 1543 indicant
427 1490 527 1530 versus
560 1472 686 1546 proximi
719 1472 810 1529 verba
839 1465 982 1553 γλώσσης
1006 1466 1166 1556 α’κρατής,
1201 1488 1278 1545 quae

109 1577 172 1634 iure
196 1577 395 1635 Weckleinius
420 1578 439 1635 l.
463 1579 482 1634 l.
509 1578 631 1636 adhibet
652 1579 760 1635 horum
784 1579 940 1635 verborum
959 1577 1159 1651 explicationi.
1198 1577 1276 1634 Nam

109 1683 287 1741 describitur
308 1686 411 1742 Ionem
436 1703 508 1758 prae
531 1684 638 1742 rabido
663 1685 767 1742 suroris
784 1684 895 1759 impetu
917 1701 1021 1740 vocem
1038 1684 1176 1752 deficere,
1195 1683 1277 1757 quod

110 1807 146 1847 ex
171 1789 267 1847 crebis
291 1800 334 1848 est
358 1791 444 1848 huius
468 1791 564 1847 morbi
589 1790 689 1866 signis.
738 1790 837 1862 Quam
867 1789 1007 1862 equidem
1038 1789 1212 1846 sententiam
1237 1789 1278 1846 ita

109 1896 169 1953 fere
193 1895 487 1971 circumscripserim:
525 1897 616 1954 verba
640 1915 707 1954 mea
731 1896 847 1954 turbata
863 1905 974 1953 temere
990 1896 1188 1969 proferuntur,
1206 1895 1277 1969 quia

109 2002 193 2059 dirae
215 2003 351 2060 insaniae
374 2003 480 2061 fluctus
505 2002 614 2060 invicta
637 2003 675 2069 vi,
695 2021 822 2076 quacum
848 2002 955 2058 frustra
974 2002 1079 2070 luctor,
1099 2001 1128 2058 in
1146 2011 1275 2058 mentem

109 2126 206 2165 meam
231 2108 404 2183 irrumpunt.
452 2108 555 2175 Vides,
581 2128 641 2166 non
666 2108 707 2166 ita
731 2110 856 2165 multum
879 2126 927 2165 me
951 2107 1061 2165 distare
1085 2118 1134 2164 aut
1159 2127 1176 2164 a
1200 2117 1276 2165 cete-

107 2232 207 2272 rorum
232 2214 422 2289 interpretum
448 2225 498 2272 aut
524 2235 541 2272 a
558 2215 737 2272 scholiastae
758 2214 1001 2289 interpretatione
1018 2214 1061 2270 sic
1078 2214 1274 2288 explicantis:

110 2329 345 2402 τεταραγμένοι
364 2319 398 2383 δὲ
416 2319 504 2400 λόγοι
521 2320 564 2395 αἱς
580 2316 672 2397 ἔτυχε
689 2329 906 2405 προσπαίοασι
922 2322 970 2406 τῷ
992 2322 1059 2382 ταῖν
1075 2320 1186 2382 κακῶν
1208 2317 1275 2383 κλύ-

108 2425 197 2498 δωνι,
221 2431 306 2490 τοῦτ’
332 2422 419 2490 ἔστιν
441 2424 506 2491 ὑπὸ
532 2422 659 2509 ὀδύνης
674 2419 781 2489 πολλοὶ
803 2424 903 2488 λαλῶ.

215 2569 513 2645 Comprehendamus
537 2588 617 2626 nune
633 2569 759 2644 singula,
776 2586 853 2643 quae
873 2569 911 2626 de
927 2568 1009 2626 lonis
1026 2567 1160 2626 insaniae
1177 2568 1275 2627 obser-

106 2675 249 2732 vavimus.
297 2678 389 2733 Deest
423 2676 571 2751 explicata
597 2675 731 2733 insaniae
763 2675 863 2750 imago
893 2685 922 2733 et
945 2692 984 2732 ne
1013 2675 1123 2732 insanit
1153 2675 1274 2749 quidem

108 2800 211 2839 revera
234 2784 278 2852 Io,
304 2783 357 2840 sed
382 2792 413 2840 ut
437 2801 510 2839 sana
533 2782 571 2839 de
595 2783 701 2840 morbo
726 2800 779 2839 suo
804 2782 899 2849 refert,
925 2781 966 2839 ita
995 2793 1026 2839 ut
1058 2781 1184 2856 primum
1209 2800 1274 2855 pro·

107 2888 180 2962 prie,
206 2888 317 2946 deinde
341 2888 544 2964 metaphorice
568 2889 700 2964 singulos
726 2889 848 2946 affectus
873 2887 1032 2946 describat.
1070 2889 1158 2960 Quae
1182 2905 1274 2961 quan-

105 3004 168 3051 tum
206 2994 282 3051 absit
314 3015 331 3052 a
366 3013 435 3052 vera
470 2994 644 3052 insanientis
681 2993 861 3052 condicione
896 2993 1097 3069 insignissimo
1132 3003 1275 3051 testantur

107 3101 244 3175 exemplo
269 3100 363 3158 ultimi
392 3120 502 3171 versuS,
537 3101 648 3176 quippe
678 3100 785 3175 quibus
818 3101 936 3176 egregie
964 3101 1023 3157 suis
1056 3100 1153 3158 verbis
1182 3099 1273 3175 ipsius
1315 3116 1319 3124 ·

106 3206 189 3263 vocis
213 3207 412 3266 defectionem
445 3208 597 3283 depingat.
645 3207 785 3264 Morbum
817 3207 904 3282 igitur
928 3207 958 3263 in
990 3206 1113 3280 aphasia
1144 3207 1273 3281 positum

106 3312 215 3370 diserte
240 3312 383 3371 describit
407 3315 579 3389 aegrotans!
626 3314 720 3371 Vides
744 3323 876 3388 poetam,
900 3330 961 3369 non
986 3323 1139 3371 curantem
1169 3313 1273 3371 verita·

107 3429 176 3487 tem,
202 3420 342 3477 inusitata
365 3431 479 3480 tantum
503 3420 646 3477 orationis
671 3420 766 3476 forma
789 3418 968 3494 singularem
993 3419 1073 3476 Ionis
1097 3421 1215 3479 animae
1232 3421 1273 3478 in·

106 3525 206 3583 dolem
232 3526 303 3583 satis
327 3527 468 3584 habuisse
500 3526 603 3583 leviter
625 3535 738 3582 notare.
800 3525 919 3594 Audaci
952 3524 1040 3598 igitur
1073 3526 1273 3602 inusitataque

107 3631 250 3689 orationis
274 3633 370 3690 forma
393 3652 448 3691 nos
473 3632 613 3707 decipere
628 3633 689 3688 vult
706 3640 805 3706 poeta,
830 3641 973 3705 tanquam
990 3649 1058 3689 vere
1075 3631 1205 3691 insaniat
1227 3637 1270 3695 10.

212 3777 312 3848 Atque
342 3775 381 3832 de
408 3776 483 3832 Ione
510 3774 671 3837 hactenus!
718 3775 852 3831 Transeo
877 3774 916 3831 ad
941 3774 1054 3832 Orestis
1078 3775 1206 3834 insanire
1230 3776 1271 3834 in·

106 3881 243 3956 cipientis
268 3881 509 3955 descriptionem,
537 3898 615 3953 quae
637 3879 786 3938 invenitur
802 3881 1048 3955 Choephororum
1073 3881 1192 3941 fabulae
1216 3883 1272 3940 sub

106 3988 227 4046 exitum.
274 3987 380 4061 Agitur
403 3988 441 4045 de
464 3987 599 4044 versibus
630 3989 710 4044 1018
736 4005 819 4061 seqq.
845 3987 897 4060 qui
921 4005 987 4044 cum
1020 3988 1118 4061 plures
1142 3989 1272 4046 habeant

106 4105 135 4152 et
167 4094 304 4152 lectionis
336 4103 364 4151 et
392 4112 495 4151 sensus
524 4093 732 4163 difficultates,
762 4093 976 4151 accuratiorem
1010 4093 1143 4169 flagitant
1167 4105 1270 4153 tracta·

105 4201 227 4259 tionem.
276 4201 401 4256 Versum
436 4203 527 4256 1018.
559 4200 655 4258 codex
686 4200 842 4258 Mediceus
871 4199 911 4257 ita
934 4200 1073 4262 exhibet:

319 4319 415 4398 ἄλλος
440 4320 483 4386 dv
507 4322 579 4404 εἰδῇ
601 4320 678 4387 τοῦτ
701 4315 743 4404 ἄρ
768 4318 829 4386 οἶδ’
854 4319 919 4407 ὅπη
942 4323 1033 4385 τελεῖ.

213 4433 473 4508 Supervacaneum
510 4440 554 4489 est
590 4447 695 4490 omnes
724 4430 906 4490 emendandi
937 4440 1062 4489 conatus
1093 4448 1270 4509 percensere
