2978 5122
582 296 709 363 μη
762 317 802 332 ..ψ

101 499 170 540 rum
195 479 345 542 incitatior
366 500 514 543 numerus.
561 482 735 543 Primuliam
759 503 829 543 vero
853 482 1063 561 descriptionis
1086 484 1146 544 vim
1163 484 1194 543 in
1211 503 1275 545 ora·

101 588 189 645 tione
216 590 316 664 posuit
340 591 515 665 Aeschylus.
563 590 691 648 Instituit
720 601 817 650 autem
844 611 904 650 rem
929 593 979 660 ita,
1006 604 1036 650 ut
1059 603 1127 669 post
1150 593 1276 651 eiulatus

102 714 181 752 voce
206 692 315 760 itala]
338 697 475 772 depictos
499 698 595 773 primo
620 697 742 771 quidem
760 698 825 772 ipsa
842 701 875 755 Io
898 700 1044 769 morbum,
1063 719 1123 773 quo
1140 709 1276 774 correpta

104 811 160 870 est,
187 802 307 877 propria
331 803 511 872 elocutione,
535 822 612 877 quae
637 813 737 861 tamen
762 805 892 862 audaces
927 805 1142 879 inusitatosque
1173 806 1276 863 locuti-

104 927 181 965 ones
206 909 331 978 obserat,
357 907 506 967 describat
530 910 582 985 (cs.
607 930 663 967 vss.
691 912 868 990 876-78),
903 911 1013 969 deinde
1047 930 1117 969 vero
1141 912 1180 970 ad
1205 915 1276 988 figu-

104 1025 201 1073 ratam
226 1016 329 1074 transit
353 1016 530 1087 orationem,
556 1035 615 1091 qua
638 1016 769 1093 singulas
793 1017 936 1094 deinceps
953 1017 1085 1077 insaniae
1102 1018 1276 1077 affectiones

105 1122 240 1181 illustrat.

245 1249 261 1286 e
284 1229 383 1286 cordis
407 1229 574 1288 vehementi
599 1231 684 1306 pulsu
709 1229 796 1288 dicit:

396 1334 516 1421 κραδία
541 1335 576 1400 δὲ
600 1334 692 1422 φόβῳ
716 1345 818 1420 φρένα
844 1336 987 1411 λακτίζει

210 1442 325 1500 ulorum
350 1444 483 1502 motione

395 1549 628 1636 τροχοδινεῖται
652 1550 678 1614 δ’
702 1545 833 1633 ὄμμαθ’
858 1546 990 1632 ἑλίγδην
1046 1535 1048 1539 ⁷

215 1675 234 1712 o
257 1657 371 1714 mentis
388 1658 582 1733 corporisque
606 1668 697 1716 statu:

397 1759 460 1837 ἔξω
486 1762 520 1827 δὲ
546 1760 665 1849 δρόμου
689 1772 829 1845 φέρομαι
854 1761 967 1846 λύσσης

397 1869 561 1953 πνεύματι
584 1870 697 1957 μάργῳ
720 1906 764 1913 -

216 1976 284 2034 Exit
306 1977 388 2034 Ionis
412 1978 508 2036 oratio
532 1978 562 2038 in
586 1979 660 2037 haec
684 1980 792 2037 verba:

399 2084 535 2170 θαλεροί
555 2084 592 2148 δὲ
614 2083 703 2164 λόγοι
727 2088 862 2149 παίονσ’
888 2087 959 2179 εἰκῇ

400 2191 535 2272 στυγνῆς
559 2189 640 2275 πρὸς
662 2190 805 2272 κύμασιν
829 2185 916 2272 dieat.
977 2244 979 2248 Α

110 2297 157 2353 De
181 2296 288 2371 quibus
309 2297 443 2355 versibus
466 2298 547 2357 varie
571 2297 775 2356 iudicaverunt
797 2299 851 2356 viri
875 2298 966 2358 docti.

218 2424 297 2481 God.
324 2426 479 2481 Hermann
505 2422 565 2498 (ed.
591 2433 663 2480 tom.
689 2426 726 2492 II,
751 2443 800 2498 pg.
831 2425 904 2501 134)
928 2423 1068 2480 adnotat:
1103 2423 1169 2478 Hac
1186 2422 1280 2491 -de'ce't,·

103 2531 273 2606 perturbata
304 2530 376 2586 dicta
400 2550 461 2586 mm
492 2531 643 2586 illiduntur
675 2533 715 2600 (le.
740 2549 762 2587 e.
787 2531 941 2599 luctantur)
974 2530 1034 2585 eliel
1056 2530 1190 2604 fluctibus
1204 2529 1277 2602 fati.

110 2637 237 2695 Schuetz
271 2637 312 2694 ita
343 2636 446 2696 vertit:
483 2644 527 2692 »et
555 2638 640 2693 verba
666 2637 836 2711 perturbata
869 2636 1038 2710 caeefusaque
1069 2637 1208 2692 e'aeassum
1241 2636 1284 2692 ad

102 2745 210 2818 fluetus
232 2746 345 2801 acerbae
367 2744 536 2800 calamitatis
558 2744 679 2811 illidunt,
715 2741 826 2816 (Meine
859 2742 1070 2817 gebrochenen
1097 2743 1197 2799 Worte
1220 2761 1278 2800 zer-

110 2851 253 2926 schlagen
277 2850 339 2907 sich
364 2860 499 2908 umsonst
523 2869 561 2906 an
585 2850 644 2907 den
670 2849 785 2907 Wellen
810 2850 863 2906 des
887 2867 1015 2922 grausen
1040 2849 1275 2929 Verderbens).‹<

111 2957 256 3030 additque
295 2956 465 3030 explicandi
500 2972 605 3013 causa:
650 2956 824 3030 »Segme'ficat
860 2956 1005 3029 querelas,
1041 2973 1115 3028 qum
1148 2957 1199 3011 mx
1234 2975 1281 3012 are

104 3065 238 3138 preferre
269 3063 373 3131 veilent,
407 3063 482 3119 erilee'l
510 3062 646 3119 aduersas
677 3063 861 3119 calamitatem
885 3063 1029 3137 praeficere.
1077 3061 1199 3118 Weilius
1231 3081 1279 3119 au·

112 3181 170 3226 tem
195 3170 238 3226 sic
270 3180 383 3227 vertere
414 3168 534 3226 maluit:
572 3170 702 3225 »turbida
732 3169 804 3224 elicta
829 3175 974 3240 vagantur
1002 3169 1076 3225 iuter
1096 3169 1173 3225 {liras
1196 3168 1280 3225 attala-

111 3295 175 3332 rum
200 3276 334 3350 flecma«
385 3274 468 3332 Idem
502 3274 582 3332 enim
614 3294 678 3333 esse
708 3274 780 3332 dicit
804 3278 937 3337 autoaa’
961 3270 1030 3368 οἰκῇ
1063 3285 1152 3348 atque
1176 3299 1280 3360 παρα-

113 3391 258 3454 mutuum,
285 3382 377 3440 modo
400 3380 579 3456 primitivam
604 3381 672 3438 huic
696 3382 788 3438 verbo
812 3381 870 3437 vim
895 3400 1003 3439 serves,
1024 3415 1063 3421 -
1082 3383 1187 3456 Longe
1210 3388 1295 3439 vero

112 3487 197 3545 aliter
220 3490 426 3563 metaphoram
451 3486 576 3560 intelligi
599 3488 659 3544 vult
683 3486 893 3554 Weckleinius
918 3487 969 3559 qui
1000 3487 1031 3544 in
1054 3487 1166 3556 libello,
1192 3506 1281 3561 quern

49 3645 54 3651 .
112 3594 277 3670 inscripsit:
318 3595 459 3653 »Studien
495 3612 529 3650 zu
554 3595 737 3667 Aeschylus«
775 3592 885 3667 (Berlin
915 3593 1009 3669 1872)
1033 3613 1102 3668 pgg.
1130 3587 1196 3668 8l9.
1243 3594 1281 3651 de

113 3700 159 3758 his
183 3701 317 3759 versibus
342 3701 383 3758 ita
407 3700 542 3758 disserit:
585 3701 675 3756 »Man
700 3699 772 3757 wird
796 3700 855 3756 den
881 3700 1050 3757 Gedanken
1074 3701 1127 3757 des
1143 3699 1282 3757 Dichters

113 3817 172 3866 erst
194 3808 276 3866 dann
300 3807 406 3881 richtig
430 3807 571 3874 erfassen,
597 3824 682 3862 wenn
707 3825 776 3862 man
810 3805 860 3862 die
883 3806 1083 3881 Verbindung
1115 3826 1172 3864 von
1207 3806 1281 3864 bild-

112 3914 222 3971 lichem
256 3914 316 3970 und
351 3912 559 3987 cigentlichem
593 3911 751 3969 Ausdruck
785 3911 848 3968 sich
881 3912 946 3968 klar
981 3913 1097 3970 uracht:
1146 3909 1283 3996 θολερός

113 4020 196 4078 weist
220 4020 274 4076 auf
292 4019 352 4076 den
376 4018 527 4076 Schlamm
546 4017 606 4090 hin,
625 4017 751 4074 welcher
768 4017 861 4074 durch
879 4016 937 4074 d'en
956 4019 1052 4075 Sturm
1069 4038 1137 4075 vom
1155 4020 1280 4075 Meeres·

112 4126 228 4201 grunde
260 4105 439 4200 aufgeiviihlt
472 4123 554 4181 wird.
581 4157 622 4165 —-
647 4157 688 4164 —-
713 4124 778 4180 Wie
809 4123 858 4181 die
891 4125 1057 4199 wogenden
1081 4125 1197 4182 Wellen
1229 4125 1283 4182 des

113 4234 230 4289 Meeres
254 4232 314 4289 den
338 4230 557 4305 ausgewtihlten
582 4230 734 4287 Schlamm
751 4229 824 4286 bald
840 4229 942 4296 dahin,
960 4230 1032 4287 bald
1048 4231 1167 4287 dorthin
1186 4226 1283 4311 (εἰκῆ)

112 4339 230 4406 fiihren,
255 4357 289 4394 so
313 4338 432 4395 werden
457 4336 506 4395 die
531 4355 568 4392 an
594 4336 643 4393 die
660 4336 776 4410 Wogen
801 4336 855 4393 des
871 4335 1063 4393 Verderbens
1080 4305 1282 4410 schlagenden

114 4445 224 4505 Reden
247 4462 307 4503 von
330 4441 495 4503 denselben
520 4442 601 4520 plan·
627 4441 688 4501 und
713 4442 912 4520 ordnungslos
936 4442 1224 4522 herumgetrieben.«
1242 4477 1283 4484 -—

1137 4690 1384 4816 fi
