2978 5122
635 301 857 356 ..19-

315 467 352 547 άς
376 475 417 556 ῥα
442 481 498 537 καὶ
521 477 669 549 Αἴαντος
693 478 821 560 πρῶτος
842 468 939 558 μάθε
961 484 1136 558 χωομένοιο

316 575 448 661 ὄμματα
473 569 737 666 τ’άστράιιτοντα
760 578 991 666 βαρυνόμενον
1014 605 1049 644 τε
1073 581 1191 664 νόημα.

264 721 346 778 Hinc
370 721 432 778 iure
455 722 589 780 effeceris
613 722 653 780 ita
674 722 775 780 Aiacis
799 722 947 781 insaniam
972 733 1060 782 antea
1085 725 1176 783 fuisse
1200 724 1330 801 descrip.

151 839 227 897 tam,
258 838 289 886 ut
312 828 395 902 quasi
420 835 634 908 praeparafltur
654 829 822 887 vehementi
846 829 909 888 eius
933 840 1054 906 propter
1068 849 1152 888 arma
1174 831 1257 889 Ulixi
1280 831 1330 889 ad-

152 935 238 992 dicta
259 934 311 994 ira.

264 1078 383 1134 Frustra
398 1077 470 1134 talia
493 1078 674 1152 requires'in
691 1078 858 1153 Sophocle3
885 1076 935 1152 qui
960 1087 1146 1152 quantopere
1163 1079 1202 1137 ad
1226 1089 1330 1138 nutum
1388 1085 1389 1088 ’

155 1183 294 1240 divinum
319 1193 438 1240 revocet
462 1193 554 1241 totam
580 1184 683 1242 Aiacis
714 1183 821 1241 mentis
853 1183 1075 1253 alienationem,
1099 1185 1212 1242 nullum
1236 1197 1330 1245 exstat

153 1289 361 1347 testimonium
393 1289 489 1364 magis
525 1290 667 1348 idoneum
701 1309 791 1364 quarn
825 1273 954 1347 ineuntis
988 1290 1124 1349 insaniae
1156 1292 1329 1368 descriptio,

155 1397 236 1454 Nam
262 1396 316 1453 etsi
339 1413 424 1453 versu
449 1415 500 1466 41.
526 1396 710 1454 iracundiam
736 1396 925 1453 Achaeorum
956 1396 1058 1455 caedis
1082 1415 1148 1455 esse
1170 1417 1289 1456 causam
1314 1418 1331 1457 e

155 1504 295 1560 Minerva
319 1480 465 1571 audimus,
490 1503 613 1559 multum
637 1511 737 1560 tamen
762 1501 857 1571 abest,
874 1512 905 1558 ut
929 1519 995 1559 earn
1020 1511 1109 1576 poeta
1133 1503 1266 1561 instituat
1290 1505 1304 1562 f
1322 1539 1330 1547 -

154 1608 233 1666 roris
252 1607 326 1664 initii
351 1607 593 1682 descriptionem,
613 1619 642 1664 ut
666 1608 839 1665 naturaliter
861 1607 892 1664 in
910 1607 1058 1664 insaniam
1076 1618 1207 1667 transeat
1224 1611 1330 1669 mentis

156 1712 317 1791 permotio.
364 1714 471 1780 Immo,
497 1713 567 1770 dum
592 1733 680 1771 sanus
704 1724 757 1782 est,
790 1714 897 1771 morbo
920 1725 1045 1788 repente
1076 1715 1232 1791 corripitur
1253 1717 1331 1776 Aiax

156 1819 301 1879 divinitus
324 1817 424 1878 misso
472 1813 526 1900 (cs.
552 1839 609 1878 vss,
639 1819 802 1895 285—94l

793 1865 812 1895 lb

269 1980 466 2053 Conferamus
491 1977 682 2055 Euripideml
708 1979 810 2036 Divini
835 1978 948 2038 arbitrii
965 1993 1123 2055 personam
1147 1973 1177 2030 in
1199 1967 1332 2026 Hercule

157 2097 268 2163 gerunt
291 2086 345 2142 Iris
370 2096 399 2143 et
423 2087 533 2159 Lyssa;
559 2104 683 2160 quanrm
719 2096 817 2161 partes
842 2105 908 2143 cum
933 2086 998 2160 ipsa
1029 2082 1148 2142 actione
1171 2094 1233 2134 non
1266 2090 1331 2131 esse

159 2212 253 2252 nexas
278 2191 496 2266 supradictum
520 2202 573 2250 est.
607 2193 745 2264 Quocum
770 2191 906 2265 congruit
923 2191 1056 2248 nuntium
1083 2187 1113 2244 in
1130 2179 1331 2242 describendo

158 2299 259 2358 morbi
290 2298 376 2355 initio
407 2315 445 2355 ne
469 2315 529 2354 uno
558 2297 678 2371 quidem
711 2298 803 2355 verbo
835 2314 944 2355 causae
976 2296 1097 2353 divinae
1128 2287 1329 2364 suspicionem

160 2423 291 2464 movere.
339 2405 477 2479 Repente
500 2403 635 2461 videmus
669 2404 863 2461 succumbere
894 2403 1001 2460 morbo
1036 2398 1207 2466 Herculem,
1247 2391 1330 2450 nullo

158 2512 268 2570 mentis
293 2512 400 2568 affectu
424 2509 601 2577 excitatum,
628 2510 709 2584 quod
734 2527 823 2585 saepe
854 2509 965 2567 vidisse
988 2527 1020 2566 se
1048 2507 1078 2565 in
1103 2501 1267 2562 furentibus
1290 2499 1330 2557 af-

159 2621 258 2677 firmat
288 2618 500 2692 Hippocrates,
537 2616 575 2674 de
598 2617 694 2674 morb.
729 2636 752 2675 s,
787 2615 808 2691 ξ
846 2636 871 2676 1.
920 2608 965 2696 (L.
990 2615 1044 2672 VI.
1070 2631 1119 2687 pg.
1145 2602 1232 2692 354.)
1263 2624 1330 2664 curn

158 2726 254 2783 dicit:
281 2758 322 2764 -
346 2755 389 2764 —
412 2721 560 2786 τοῦτοδὲ
583 2714 663 2808 άρέα
680 2729 899 2804 μαινομένους
922 2713 1123 2804 ἀνθρώπους
1146 2723 1202 2779 καὶ
1225 2735 1332 2798 παρα·

159 2838 357 2917 φρονέοντας
389 2820 459 2890 cino
493 2827 649 2912 μηδεμίης
682 2822 860 2913 προφάσιος
891 2826 1119 2907 ἐμφανέος-
1144 2855 1186 2866 -
1209 2855 1252 2864 —
1275 2825 1332 2883 ιιαῖ

159 2940 266 3000 ταῦτα
291 2925 350 3015 mix
374 2929 470 3007 άπαξ
493 2931 580 2997 a'ttol
605 2930 760 3010 πολλάκις

269 3077 389 3136 Deinde
412 3088 549 3136 accurate
573 3077 731 3153 Euripides
760 3077 891 3153 singulas
915 3073 1048 3151 corporis
1080 3071 1252 3130 affectiones
1282 3067 1332 3125 de·

161 3185 274 3254 scribit,
310 3202 388 3257 quae
420 3183 527 3241 desunt
560 3183 684 3241 omnino
715 3183 745 3240 in
771 3182 873 3242 Aiace,
922 3181 1002 3239 Dicit
1025 3181 1064 3238 de
1087 3177 1236 3236 Hercule:
1261 3173 1331 3251 (vss.

163 3311 225 3367 922
252 3289 350 3367 sequ)

324 3466 365 3474 -
390 3429 426 3496 ἐν
450 3438 638 3518 στροφαῖσιν
663 3428 823 3514 ὀμμάτων
846 3429 1057 3517 έμθαρμένος

325 3539 415 3620 ῥίζας
440 3543 465 3598 τ’
490 3537 526 3601 έν
549 3534 655 3613 ὄσσοις
679 3535 893 3620 αἱματωπούς
916 3533 1069 3610 ἐκβαλών

326 3635 430 3729 άφρόν
453 3643 627 3719 κατέσταζ’
652 3643 798 3727 εὐτρίχου
820 3637 995 3723 γενειάδος.
1025 3674 1062 3682 -

274 3788 389 3846 Eadem
415 3787 477 3845 sere
501 3786 635 3860 corporis
669 3785 843 3844 affectiones
867 3785 906 3842 ab
930 3783 1118 3860 Hippocrate
1151 3781 1197 3838 vel
1227 3779 1334 3837 morbo

163 3915 251 3956 sacro
275 3896 322 3953 vel
346 3893 463 3951 insania
487 3892 630 3968 correptis
654 3892 870 3953 attribuuntur:
895 3892 933 3950 cf.
958 3910 1007 3965 pg.
1035 3904 1115 3964 374:

327 4031 365 4041 -
392 4006 448 4062 καῖ
470 4001 500 4061 'ol
524 3997 696 4080 ὀφθαλμοὶ
717 3996 966 4082 διαστρέφονται
989 4028 1031 4038 -
1055 3986 1159 4079 άμράς
1174 3990 1210 4055 δὲ
1226 3988 1261 4054 dx
1277 3993 1336 4054 τοΐ

327 4102 488 4188 πόματος
512 4112 706 4190 προέρχεται
732 4137 774 4149 -

327 4232 377 4289 pg.
403 4212 503 4287 390§
531 4226 566 4285 15
585 4243 629 4252 -
647 4243 688 4251 -
710 4203 783 4272 τότε
805 4206 931 4290 μᾶλλον
954 4203 991 4269 τά
1016 4203 1193 4288 πρόσωπον
1207 4202 1334 4291 μλογιρῖ,

327 4327 382 4384 καὶ
405 4319 435 4381 ol
458 4314 628 4399 ὀφθαλμοὶ
652 4313 859 4399 έρεάθονται.

164 4429 225 4491 His
237 4427 433 4499 adiunxerim,
447 4442 525 4502 quae
542 4424 573 4482 in
585 4423 639 4484 VI.
652 4420 782 4501 epidem.
795 4421 873 4482 libro
887 4418 926 4481 de
938 4417 1072 4496 insaniae
1084 4416 1177 4494 signis
1192 4414 1338 4493 legimus:

1363 4572 1483 4792 Ι
