2978 5122
609 241 833 321 „¹16-

131 439 192 497 vati
215 449 284 496 sunt
306 457 417 508 versuS,
442 437 550 512 quibus
575 434 694 510 egregie
718 444 806 510 poeta
831 435 870 493 de
885 433 1040 491 hominum
1064 433 1178 491 morbis
1202 432 1246 490 sic
1273 433 1316 489 lo·

133 547 248 621 quitur:
276 538 324 626 (cf.
350 545 468 602 Nauck.
497 546 579 618 292).

292 645 380 713 νόσοι
404 648 439 712 δὲ
462 647 600 731 θνηιοῖν
624 650 659 710 αἱ
682 650 744 728 μὲν
768 650 829 711 ιῖσ’
857 636 1051 731 αιῖθαίρετοι

293 759 332 819 αἵ
354 754 420 819 d'r’a
446 757 540 817 θεῶν
564 752 727 838 πάρεισιν,
755 744 840 815 ἄλλα
865 756 913 839 τῷ
936 750 1025 837 νόμῳ

293 856 412 943 ιὀἱμεθ
437 857 552 934 αὐτοῖς.
602 855 689 922 ἄλλοί
714 879 761 922 σοι
785 860 878 932 λέξαι
903 859 1004 931 θέλοι,

292 970 323 1030 εἰ
342 971 422 1029 θεοί
441 991 472 1029 τι
495 964 615 1050 δρῶσιν
639 963 783 1049 αἰσχρόν,
803 964 859 1028 οὐκ
882 968 963 1028 εἰσὶν
985 968 1070 1026 θεοί.

240 1073 412 1148 Perstringit
445 1072 534 1147 igitur
567 1072 612 1128 his
645 1072 743 1129 verbis
778 1090 830 1129 eos
865 1083 963 1146 poeta,
1000 1071 1050 1144 qui
1075 1070 1197 1127 morbos
1222 1088 1315 1143 quos·

134 1184 204 1241 dam
231 1182 270 1239 ad
290 1180 368 1264 ,deos
393 1179 521 1236 reserant
546 1189 688 1252 tanquam
714 1188 864 1247 auctorem
889 1176 993 1246 obicit,
1013 1210 1048 1218 m
1068 1194 1178 1249 nempe
1202 1176 1245 1232 sic
1271 1176 1315 1232 in-

134 1288 249 1362 telliges
274 1287 348 1343 haec
372 1285 463 1342 verba
494 1317 525 1324 -·
553 1302 613 1340 non
638 1284 733 1340 solum
759 1283 865 1340 mirum
888 1283 957 1341 satis
982 1301 1055 1349 esse,
1081 1282 1106 1338 si
1130 1283 1242 1339 morbis
1270 1283 1312 1339 di·

135 1394 243 1451 vinitus
267 1391 363 1449 missis
387 1392 453 1465 lege
477 1391 625 1447 soleamus
646 1371 771 1457 mederi,
789 1390 842 1447 sed
867 1389 956 1446 etiam
981 1389 1136 1463 indignam
1162 1406 1226 1445 esse
1251 1389 1314 1445 deo

135 1500 225 1556 talem
250 1497 433 1572 opinionem,
459 1496 572 1570 quippe
606 1495 656 1569 qui
687 1495 778 1570 turpis
803 1495 943 1553 facinoris
977 1506 1038 1552 tum
1063 1495 1313 1569 deprehendatur

136 1623 211 1663 reus.
259 1604 356 1671 Nunc,
381 1601 480 1670 velim,
505 1602 651 1670 conferas,
678 1619 756 1675 quae
780 1601 883 1670 libelli,
909 1601 960 1674 qui
984 1609 1059 1685 napi
1082 1604 1169 1685 ἱερῆς
1194 1599 1315 1664 νούσου

137 1711 317 1778 inscribitur,
335 1707 544 1783 Hippocratici
563 1702 700 1783 auct0r¹)
716 1707 745 1763 in
763 1707 896 1764 eiusdem
913 1725 1069 1782 perversae
1085 1707 1236 1781 opinionis
1263 1707 1315 1764 de-

137 1818 270 1874 fensores
306 1815 445 1890 disputet.
493 1816 593 1871 Pauca
624 1813 798 1888 exsignabo.
846 1813 987 1887 Legimus
1018 1813 1115 1888 primo
1147 1813 1177 1868 in
1212 1813 1316 1887 capite

139 1922 255 1998 (Littre'i
281 1922 329 1983 ed.
354 1933 373 1979 t.
399 1924 452 1978 Vl.
478 1941 527 1996 pg.
555 1921 642 1995 358.)
665 1921 759 1978 haec:
785 1929 846 1982 καί
866 1944 914 1982 τοι
941 1915 1045 2001 ἴμοιγε
1071 1915 1107 1982 orl
1132 1927 1206 2002 περὶ
1229 1915 1317 1982 εὗσε-

137 2032 226 2111 βείης
249 2026 393 2091 δοκέουσι
426 2023 502 2101 τούς
534 2025 646 2106 λόγους
670 2031 854 2096 ποιέεσθαι,
880 2025 923 2101 οἷς
956 2029 1088 2097 οἴονται,
1115 2023 1200 2086 ἄλλα
1236 2035 1315 2110 περὶ

139 2133 322 2217 ὄνσσεβείης
345 2133 482 2215 μᾶλλον,
508 2141 563 2195 καῖ
589 2125 632 2207 οἷς
656 2135 685 2195 ol
710 2137 784 2196 θεοὶ
809 2132 865 2196 οὐκ
885 2137 955 2195 εἰσὶ.
981 2130 1019 2194 τό
1043 2156 1078 2193 τε
1101 2128 1231 2206 εὐσεβὲς
1255 2140 1316 2194 καῖ

139 2244 233 2302 θεῖον
266 2239 377 2304 αὐτῶν
408 2236 523 2315 ἀσεβὲς
544 2244 613 2306 ,καὶ
637 2234 774 2302 α’νόσιόν
797 2238 865 2302 ἐστι
889 2273 931 2283 -
956 2273 997 2279 -
1022 2260 1082 2311 -3
1105 2237 1239 2296 eiusdem
1265 2257 1317 2296 ca·

140 2346 209 2422 pitis
226 2348 282 2403 sub
306 2347 415 2403 exitum
433 2345 522 2404 dicit:
549 2344 585 2408 or'r
600 2338 711 2425 μέντοι
727 2340 823 2424 ἴγιογε
841 2345 926 2418 α’ξιῶ
940 2342 1006 2408 tired
1023 2344 1106 2407 θεοῦ
1124 2341 1317 2427 οἷνθροῖιῐοο

142 2457 237 2533 σῶμα
252 2455 461 2533 μιαίνεσθαι,
485 2449 521 2513 τὸ
539 2448 775 2535 ε’,ιῐικηρόιαιον
798 2449 863 2514 rinei
882 2445 938 2513 rori
962 2447 1153 2528 οἷγνοτοῖτον.
1201 2453 1317 2508 Totam

139 2577 210 2616 vero
234 2556 258 2615 si
283 2556 453 2632 perlegeris
472 2575 551 2630 quae
574 2557 605 2613 in
622 2556 785 2614 refellenda
810 2556 913 2627 divina
928 2557 1101 2614 morborum
1119 2557 1235 2631 origine
1251 2576 1318 2614 ver·

141 2675 232 2734 satur,
256 2663 349 2720 libelli
374 2672 498 2738 partem,
524 2663 629 2720 miram
654 2663 857 2720 camillorum
882 2681 1017 2721 versuum
1041 2663 1189 2721 sententia
1213 2663 1319 2720 simili·

140 2771 274 2829 tudinem
299 2769 528 2828 animadvertes.

247 2879 339 2934 Porro
362 2876 420 2932 huc
443 2874 517 2931 mihi
539 2875 655 2932 videtur
689 2874 836 2950 pertinere
862 2874 1033 2933 Philoctetis
1064 2875 1184 2932 fabulae
1209 2875 1319 2950 deper-

140 2983 220 3041 ditae
243 2984 458 3057 fragmentum,
484 2981 566 3055 quod
591 3000 651 3039 non
685 2982 781 3038 minus
806 2981 1041 3056 Hippocrateam
1075 2980 1209 3038 indolem
1242 3001 1320 3056 prae

140 3109 173 3148 se
196 3091 260 3158 sert,
286 3088 334 3163 (cf.
360 3088 476 3146 Nauck.
501 3105 530 3143 n.
558 3080 644 3167 799.)
669 3087 751 3144 cuius
776 3088 851 3145 haec
876 3098 944 3144 sunt
966 3088 1075 3147 verba:

300 3187 409 3277 οἵσπερ
433 3191 469 3255 δὲ
492 3190 620 3277 θνητόν
643 3201 700 3256 καὶ
724 3190 760 3255 τι)
786 3197 864 3274 σῶμ’
888 3185 983 3275 ἡμῶν
1006 3188 1064 3275 ἶφιΙ

300 3292 382 3363 alirn
406 3297 558 3385 προσήκει
580 3298 663 3382 μηδὲ
687 3297 748 3382 τήν
771 3294 870 3382 ὀργήν
893 3295 979 3377 ἔχειν

301 3402 491 3475 ἀθάνατον,
515 3399 602 3476 ὅστις
626 3420 799 3491 σωφρονεῖν
823 3405 1007 3469 ἐπίσταται.

249 3513 332 3585 Quid
357 3513 445 3587 igitur
468 3513 525 3569 sibi
543 3513 646 3569 volunt
670 3513 744 3569 haec
762 3513 932 3588 philosophi
957 3513 1049 3570 nostri
1066 3512 1178 3570 scenici
1202 3513 1322 3572 verba?

144 3619 196 3676 sic
213 3619 274 3676 sere
291 3619 444 3677 verterim:
471 3618 734 3690 Quemadmodum
754 3637 861 3693 corpus
885 3630 1016 3675 nostrum
1042 3629 1147 3675 natura
1171 3628 1216 3675 est
1241 3638 1322 3677 mor-

141 3726 211 3794 tale,
236 3725 280 3782 sic
303 3743 342 3781 ne
366 3724 457 3781 animi
477 3725 597 3799 quidem
622 3726 745 3782 aflectus
769 3725 908 3782 convenit
925 3743 989 3782 esse
1014 3725 1195 3781 immortales
1220 3725 1322 3783 homi·

142 3831 230 3889 nibus
254 3849 359 3905 sapere
384 3831 554 3889 scientibus

250 3937 407 3995 Habemus
424 3937 511 4011 igitur
527 3937 731 4012 syllogismum
755 3938 890 3996 membro
908 3937 1042 3996 secundo
1058 3936 1211 4010 mutilum;
1233 3939 1322 4012 quod

145 4147 461 4158 mna—Q·

252 4306 271 4373 ¹)
290 4308 391 4357 Librum
412 4308 443 4356 de
462 4306 542 4356 morlo
562 4322 633 4356 sacro
653 4315 677 4355 et
696 4305 745 4356 alia
764 4305 855 4370 scripta
874 4304 1055 4370 Hippocratica
1068 4323 1118 4371 quo
1137 4306 1189 4356 iure
1207 4306 1319 4358 adhibu-

143 4399 204 4447 erim
223 4398 255 4447 ad
275 4398 400 4462 Euripidis
419 4398 656 4462 interpretationem,
679 4397 782 4462 exposui
801 4397 826 4446 in
846 4397 976 4461 epimetro.
