2978 5122
636 287 833 340 ..4-

151 469 229 528 tibus
253 467 358 527 ceteris
375 465 515 534 Achaeis,
540 483 629 523 nemo
654 474 770 539 poterat
794 463 905 520 claram
930 460 971 517 rei
995 471 1094 534 gestae
1118 459 1230 516 habere
1256 477 1332 533 cog·

150 576 313 647 nitionem;
339 585 430 649 atque
454 575 512 630 hoc
535 573 760 648 proponebatur
788 581 906 645 poetae,
931 567 1086 641 quomodo
1110 567 1149 623 de
1173 578 1332 623 nocturno

151 682 253 740 Aiacis
277 683 375 739 furore
399 692 426 737 et
451 679 590 737 dramatis
615 697 759 753 personas
784 688 812 734 et
836 685 1018 750 spectatores
1044 674 1183 731 certiores
1202 673 1330 730 faceret.

155 790 233 845 Hine
258 798 349 862 patet,
374 785 551 843 necessitate
575 793 712 841 coactum
738 801 802 840 esse
819 780 999 854 Sophoclem
1024 778 1154 835 divinam
1180 778 1333 839 inducere

151 912 319 970 personam.
367 892 443 949 Nam
468 900 497 948 et
520 890 584 946 sola
607 889 743 946 Minerva
768 887 884 944 sciehat
908 884 1009 942 Aiacis
1043 884 1188 941 insaniam
1224 903 1332 958 neque

151 1019 221 1057 vero
246 999 304 1056 alia
328 999 388 1055 ulla
412 1015 543 1072 persona
566 997 672 1054 eadem
701 1015 768 1052 cum
800 994 860 1052 fide
884 993 989 1050 mirum
1022 992 1119 1049 noctis
1144 992 1332 1065 praeteritae

152 1106 263 1164 1001010
286 1121 407 1161 0011010
431 1112 555 1177 poterat.
604 1102 663 1160 Sed
688 1120 755 1158 cum
780 1102 942 1157 Tecmessa
966 1116 1001 1156 00
1024 1097 1156 1171 quidem,
1189 1116 1271 1171 quae
1299 1099 1331 1156 in

151 1210 280 1270 tentorio
304 1210 380 1266 Aiax
404 1209 504 1284 gessit,
531 1208 596 1283 ipsa
619 1207 735 1275 viderit,
761 1207 871 1263 factum
896 1216 949 1271 est,
967 1216 997 1260 ut
1022 1203 1095 1260 duas
1119 1215 1210 1278 poeta
1234 1206 1333 1263 nobis

152 1317 268 1374 obserat
284 1315 419 1373 insaniae
435 1313 661 1388 descriptiones
679 1314 801 1370 alteram
817 1311 979 1379 Minervae,
994 1311 1116 1367 alteram
1130 1312 1332 1379 Tecmessae,

153 1441 277 1497 1110111101
302 1422 380 1478 hanc
404 1421 442 1478 de
466 1420 501 1476 iis
525 1430 638 1477 tantum
663 1419 773 1486 dicere,
799 1436 877 1491 quae
910 1416 1001 1491 ipsius
1034 1417 1128 1473 oculis
1161 1419 1333 1492 acceperit,

152 1529 232 1585 illam
256 1546 326 1585 vero
350 1527 499 1602 pecudum
525 1536 651 1600 stragem
676 1525 747 1582 foris
775 1525 883 1581 factam
908 1541 1057 1598 exponere
1087 1533 1193 1597 sponte
1219 1524 1334 1582 intelli-

152 1634 239 1709 gitur.
287 1635 324 1689 Et
348 1642 448 1689 tamen
472 1649 569 1688 errare
592 1631 757 1705 putaverim
782 1649 843 1697 eoa,
869 1629 920 1702 qui
944 1630 1022 1686 hanc
1053 1648 1143 1687 110001
1168 1650 1335 1704 argumen-

151 1739 173 1796 ti
197 1739 398 1797 diversitatem
423 1737 498 1795 inter
522 1747 676 1811 utramque
694 1736 798 1793 furoris
815 1736 1047 1810 descriptionem
1064 1737 1251 1795 intercedere
1269 1740 1337 1797 exi·

152 1845 279 1902 stiment.
328 1847 395 1902 Dea
420 1844 583 1914 enimcum
601 1843 683 1902 Ulixi
700 1842 885 1916 respondens
903 1843 981 1900 velut
999 1843 1101 1918 primis
1117 1844 1203 1900 lineis
1221 1845 1336 1904 Aiacis

154 1952 283 2008 furorem
308 1951 445 2024 designet
468 1960 506 2018 et,
532 1961 562 2007 ut
580 1949 682 2007 divino
700 1949 836 2023 praedita
852 1948 974 2015 iudicio,
992 1968 1113 2006 causam
1131 1952 1239 2007 mentis
1258 1952 1336 2011 alie-

154 2055 284 2114 nationis
309 2066 449 2129 exponat,
475 2057 639 2113 Tecmessa
662 2054 757 2111 nuntii
782 2055 842 2112 sere
867 2073 988 2112 munere
1012 2057 1151 2129 lungitur,
1185 2057 1238 2131 qui
1265 2078 1336 2117 rem

153 2163 308 2236 lugubrem
339 2172 456 2236 praeter
480 2162 613 2218 omnium
637 2160 890 2235 exspectationem
922 2162 1032 2218 1001001
1056 2162 1106 2230 110,
1131 2173 1162 2221 111
1195 2163 1264 2238 ipse
1290 2167 1337 2223 vi-

152 2269 205 2336 dit,
231 2278 358 2325 enarrat.
405 2267 560 2342 Proprium
584 2267 672 2342 igitur
696 2267 840 2341 quiddam
865 2279 988 2341 utraque
1013 2269 1083 2325 mihi
1108 2270 1219 2327 habere
1247 2272 1337 2332 vide-

151 2387 198 2433 tur
221 2373 393 2448 descriptio,
419 2392 478 2430 non
504 2384 603 2430 1011100
628 2374 686 2430 1100
710 2371 740 2429 in
765 2383 940 2446 argumento
965 2374 1094 2448 positum
1118 2376 1172 2433 sed
1204 2377 1235 2433 in
1264 2398 1337 2453 per-

152 2498 303 2549 sonarum,
329 2497 407 2553 quae
430 2480 602 2553 loquuntur,
626 2479 804 2537 diversitate.
853 2479 929 2535 Nam
964 2491 1043 2538 certe
1077 2482 1161 2538 aliter
1193 2484 1338 2557 loquitur

153 2587 220 2655 dea,
240 2585 286 2642 cui
311 2585 424 2653 AiaciS,
442 2585 539 2643 Ulixis
564 2584 687 2652 inimici,
704 2584 818 2642 facinus
842 2585 915 2641 nihil
940 2586 1029 2644 habet
1052 2598 1102 2644 aut
1118 2589 1336 2648 admirationis

152 2700 202 2748 aut
225 2691 458 2764 misericordiae,
482 2691 567 2749 aliter
589 2692 760 2757 Tecmessa‚
778 2690 826 2747 cui
850 2709 895 2749 res
919 2711 972 2766 per
995 2711 1027 2751 se
1050 2694 1217 2751 tristissima
1235 2697 1334 2755 etiarn

153 2797 295 2855 maiorem
319 2797 411 2855 habet
433 2797 618 2855 atrocitatem
643 2808 764 2872 propter
786 2798 992 2857 vehementem
1016 2800 1078 2857 eius
1103 2820 1172 2874 erga
1198 2802 1336 2862 Aiacem

154 2922 297 2963 amorem.
345 2904 515 2961 Secundum
540 2903 688 2962 diversam
713 2903 800 2978 igitur
824 2904 977 2979 cogitandi
1003 2907 1148 2965 rationem
1171 2925 1234 2965 rem
1263 2912 1335 2969 des-

126 3058 129 3062 ,
154 3009 282 3066 cribunt.
330 3009 485 3098 Praecedit
515 3020 613 3067 0111010
638 3009 793 3068 Minervae
826 3029 892 3067 cum
918 3011 1006 3068 Ulixe
1036 3013 1230 3087 colloquium,
1267 3037 1335 3091 quo

153 3115 185 3172 id
208 3133 330 3189 quoque
355 3115 491 3172 0110011101
518 3114 641 3182 videtur,
660 3126 691 3172 ut
714 3126 896 3190 spectatores
920 3136 981 3173 non
1005 3117 1085 3193 prius
1110 3119 1248 3178 audirent
1267 3144 1333 3182 mu-

153 3219 235 3278 lieris
268 3220 470 3304 narrati-onem
504 3239 592 3295 quam
617 3221 772 3279 Minervae
805 3223 902 3280 verbis
934 3224 973 3280 ad
1004 3224 1137 3283 divinum
1169 3227 1334 3295 arbitrium

153 3326 254 3384 Aiacis
278 3326 431 3384 calamitas
455 3326 492 3384 sit
516 3328 616 3386 relata.

260 3451 366 3524 Longe
389 3461 459 3508 vero
483 3451 568 3509 aliter
592 3470 652 3510 rem
677 3452 801 3510 instituit
819 3454 987 3528 Euripides
1012 3474 1101 3529 110010
1126 3457 1332 3521 differentiam

154 3556 298 3632 imprimis
322 3574 387 3614 esse
411 3559 605 3632 repetendam
630 3559 798 3617 consenties
823 3578 841 3617 a
864 3560 982 3618 diverso
1007 3573 1160 3636 poetarum
1184 3567 1331 3630 consilio

153 3665 287 3737 Apparet
312 3663 401 3735 enim,
428 3664 609 3738 Sophoclem
635 3684 652 3721 a
676 3666 773 3739 gravis
798 3665 939 3723 facinoris
974 3669 1158 3726 conscientia
1194 3673 1333 3733 voluisse

154 3779 271 3826 ceteras
295 3769 413 3827 fabulae
437 3781 535 3845 partes
559 3789 718 3845 suspensas
742 3789 816 3840 esse,
844 3772 1015 3846 Euripidem
1048 3793 1119 3832 vero
1152 3775 1181 3832 id
1207 3780 1332 3851 potissi-

153 3893 234 3931 mum
268 3883 429 3948 spectasse,
464 3885 494 3933 ut
528 3876 728 3950 prosperrima
752 3878 890 3934 Herculis
925 3879 1048 3954 eiusque
1081 3881 1212 3939 familiae
1245 3898 1332 3945 sorte

153 3979 312 4055 repentino
335 3979 470 4038 insaniae
493 3981 612 4038 incursu
636 3981 666 4038 in
688 3982 867 4039 contrarium
885 3994 993 4040 statum
1010 3996 1121 4042 mutato
1138 4007 1227 4062 quam
1244 4009 1331 4052 acer-

154 4086 227 4143 rime
250 4096 449 4159 spectatorum
476 4086 567 4144 animi
592 4098 825 4162 percuterentur.

258 4190 454 4266 Quapropter
477 4193 550 4250 duas
568 4193 725 4268 Euripides
749 4195 869 4253 fabulae
892 4196 1016 4255 instituit
1032 4211 1139 4274 partes,
1158 4200 1235 4270 inter
1250 4222 1331 4277 quas

154 4315 190 4356 ea
212 4296 368 4354 intercedit
391 4299 601 4373 discrepantia,
620 4319 679 4374 qua
703 4302 906 4360 vehementior
928 4304 976 4360 vix
1000 4306 1059 4362 ulla
1076 4307 1171 4381 possit
1186 4308 1329 4382 cogitari.

259 4404 409 4465 Interfecit
432 4406 546 4481 Lycum
571 4407 737 4484 Hercules;
761 4408 900 4469 liberavit
924 4421 1019 4472 morte
1041 4413 1177 4490 proxime
1193 4414 1331 4488 instante
