2978 5122
644 289 836 345 -3-

153 464 258 523 mentis
283 465 439 522 sanitatem
473 463 503 520 in
535 482 655 521 scenam
680 465 880 539 eccyclemate
915 478 1049 525 movetur
1081 468 1177 542 Aiax3
1209 468 1320 525 circum

153 592 240 646 quem
266 571 347 627 humi
373 570 471 626 iacent
494 570 642 644 pecudum
666 570 822 628 cadavera.

260 678 316 733 His
341 678 400 734 lere
423 676 662 733 adumbraverim
680 677 838 751 Sophoclis
862 678 990 749 fabulae,
1009 699 1087 754 quae
1110 681 1149 738 ad
1173 681 1320 739 insaniam

153 786 288 859 pertinet,
313 787 437 859 partem.
486 783 682 840 Conferamus
707 783 857 858 Euripidis
881 785 1021 844 fabulam.

259 894 328 947 Post
352 890 468 946 tertium
493 889 644 960 dramatis
664 890 746 962 quod
769 891 859 964 vulgo
883 890 1052 950 inscribitur
1066 885 1226 978 Ἡρακλῆς
1248 918 1320 974 μαι-

154 995 296 1078 νόμενος,
321 996 483 1064 Stasimum,
509 1013 569 1068 quo
594 995 732 1052 Herculis
752 996 903 1053 redeuntis
927 998 1053 1071 gloriam
1088 999 1176 1057 etiam
1202 1009 1320 1056 auctam

153 1123 227 1160 nece
251 1103 381 1160 liberatis
405 1111 489 1175 patre
513 1118 604 1158 uxore
627 1100 728 1157 liberis
753 1102 875 1159 summis
903 1103 1041 1160 laudibus
1066 1105 1228 1162 celebravit
1252 1106 1321 1162 cho-

153 1230 208 1280 rus,
235 1211 264 1266 in
289 1209 430 1266 machina
453 1206 678 1281 conspiciuntur
701 1207 755 1263 Iris
788 1217 817 1265 et
840 1210 942 1282 Lyssa.
989 1211 1113 1268 Nuntiat
1142 1212 1234 1268 choro
1258 1230 1320 1286 per-

154 1318 253 1374 territo
279 1316 343 1382 lris,
367 1317 512 1370 Iunonem
538 1312 641 1369 iratam
674 1312 821 1370 insaniam
848 1315 946 1371 statim
971 1334 1035 1374 esse
1069 1317 1265 1375 immissuram
1291 1318 1320 1374 in

154 1424 314 1481 Herculem
340 1421 573 1493 adhortaturque
598 1420 730 1492 Lyssam‚
756 1430 786 1475 ut
811 1430 939 1478 mentem
964 1421 1026 1478 eius
1050 1423 1147 1480 turbet
1171 1425 1321 1481 omnibus-

153 1549 211 1605 que
235 1528 373 1586 vesaniae
397 1526 494 1583 modis
519 1536 613 1583 vexet.
664 1526 751 1598 Quae
783 1527 920 1600 quamvis
951 1546 1039 1603 aegre
1070 1530 1223 1599 obsecuta,
1250 1549 1320 1604 quo-

152 1639 231 1694 niam
257 1635 370 1710 optime
399 1634 437 1691 de
470 1632 527 1689 diis
561 1631 792 1706 hominibusque
817 1633 936 1690 meritus
970 1634 1007 1691 sit
1032 1636 1186 1702 Hercules,
1220 1648 1320 1694 tamen

152 1745 269 1817 ingrato
293 1758 415 1797 munere
438 1738 521 1812 fungi
544 1755 576 1795 se
600 1738 676 1795 velle
699 1737 780 1794 dicit.
829 1738 995 1813 Statimque
1028 1741 1122 1814 prima
1145 1742 1250 1798 suroris
1275 1761 1321 1800 ve·

153 1849 240 1922 stigio
264 1847 293 1903 in
319 1846 450 1903 Hercule
474 1843 706 1918 conspiciuntur.
755 1844 1024 1903 Vehementissime
1057 1853 1321 1921 permotus,'post·

153 1974 242 2029 quam
269 1954 340 2010 abiit
364 1954 467 2025 Lyssa,
492 1960 524 2007 ut
548 1950 613 2024 ipsa
637 1949 687 2018 ait,
712 1950 741 2005 in
767 1950 890 2007 domum
914 1952 1062 2019 Herculis,
1080 1970 1190 2009 novum
1214 1954 1321 2010 chorus

153 2062 232 2119 canit
256 2059 415 2117 canticum.
463 2057 614 2129 Quantum
639 2074 709 2112 vero
726 2074 792 2112 cum
810 2074 856 2126 e0,
876 2058 958 2131 quod
975 2058 1135 2127 antecedit,
1154 2057 1320 2133 discrepat!

154 2169 248 2225 Modo
274 2165 411 2223 Herculis
435 2165 612 2220 lamentatur
638 2161 847 2229 calamitatem,
874 2163 965 2220 modo
989 2164 1027 2220 ad
1052 2164 1173 2221 domum
1197 2163 1323 2222 attendit

153 2274 284 2331 animuin
310 2271 424 2327 ruinam
449 2270 583 2325 daturam
608 2267 802 2340 versibusque
826 2267 957 2326 tristibus
981 2268 1113 2343 singulas
1137 2270 1323 2344 persequitur

155 2379 286 2436 insaniae
304 2387 400 2451 partes
425 2375 502 2432 intus
520 2383 614 2430 actae.
654 2373 814 2446 Postquam
832 2384 1003 2431 corruerunt
1029 2375 1128 2443 aedes,
1146 2375 1176 2433 in
1200 2393 1321 2432 scenam

155 2485 254 2560 prodit
278 2483 408 2551 nuntius,
434 2499 494 2537 non
519 2480 567 2536 ille
592 2478 690 2536 statim
713 2497 774 2535 rem
799 2497 940 2536 enarrans
963 2481 1017 2538 sed
1034 2481 1202 2539 summatim
1227 2482 1323 2554 magis

156 2592 354 2648 calamitatem
372 2607 436 2646 csse
459 2597 611 2662 peractam
636 2585 783 2646 indicans,
830 2587 928 2644 Iussus
952 2604 1022 2644 vero
1047 2607 1107 2646 rem
1132 2606 1251 2645 omnem
1275 2605 1322 2645 ex·

156 2715 279 2772 ponere,
305 2706 473 2752 accuratam
499 2692 623 2750 instituit
647 2690 786 2748 Herculis
810 2692 945 2750 insaniae
968 2693 1179 2752 narrationem.

264 2819 402 2894 Sequitur
426 2818 509 2875 chori
534 2837 664 2888 camren,
683 2835 743 2892 quo
768 2816 959 2890 conqueritur
973 2834 1078 2875 necem
1104 2816 1202 2874 uxoris
1218 2818 1324 2875 libero·
1389 2877 1392 2881 ,

157 2946 280 3001 rumque
314 2928 352 2983 alr
387 2926 518 2982 Hercule
550 2935 751 2998 perpetratam
785 2922 984 2997 miseramque
1007 2923 1069 2981 eius
1093 2935 1212 2982 sortem.
1260 2926 1323 2982 lam

156 3054 226 3090 iero
253 3033 412 3090 Herculem
447 3031 542 3105 ipsum
577 3029 682 3104 aspicit
713 3029 766 3104 (vs
806 3029 900 3105 1017)
930 3029 959 3086 in
990 3048 1111 3088 scenam
1143 3043 1322 3104 promotum.
1365 3039 1367 3042 ⁴

158 3142 257 3212 Quem
283 3140 394 3195 circum
420 3137 616 3195 dormientem
650 3135 872 3193 interfectorum
908 3135 1006 3193 iacent
1039 3136 1195 3195 cadavera.
1244 3140 1323 3196 Dum

157 3246 277 3303 alternis
301 3245 434 3302 versibus
458 3242 635 3317 Amphitryo
659 3253 686 3300 et
711 3243 818 3299 chorus
848 3260 908 3298 rem
933 3242 1087 3317 lugubrem
1113 3243 1324 3301 commiseran-

157 3368 212 3421 tur‚
240 3353 385 3408 Hercules
409 3350 490 3424 gravi
521 3368 628 3406 somno
652 3348 726 3406 solvi
750 3347 871 3422 incipit,
895 3348 978 3422 quod
1002 3348 1226 3423 Amphitryonis
1251 3349 1324 3408 indi-

157 3470 228 3516 cant
257 3459 358 3515 rerba.
406 3456 561 3513 Paullatim
594 3455 705 3512 deinde
729 3455 768 3512 ad
792 3454 997 3527 aspiciendam
1031 3455 1128 3512 lucem
1158 3466 1323 3525 revocatus

157 3566 229 3639 quid
266 3574 364 3621 actum
397 3563 452 3631 sit,
487 3579 607 3636 prorsus
643 3560 784 3635 ignorans
820 3560 858 3617 ab
887 3559 1104 3634 Amphitryone
1137 3561 1175 3618 de
1208 3561 1325 3621 insania

156 3672 307 3729 edocetur.

266 3774 459 3850 Comparanti
476 3774 628 3848 utriusque
644 3773 764 3830 fabulae
788 3771 952 3847 argumenti
969 3771 1095 3830 sormam
1120 3772 1149 3831 in
1167 3791 1203 3831 eo
1227 3773 1324 3832 statim

157 3902 268 3956 magna
292 3881 447 3955 apparebit
470 3879 647 3948 differentia,
673 3879 754 3953 quod
779 3877 856 3934 Aiax
880 3877 938 3935 iam
962 3878 991 3934 in
1016 3879 1143 3936 furorem
1169 3879 1273 3937 incidit
1296 3890 1325 3938 et

156 4002 250 4048 totum
268 3989 328 4044 fere
345 3986 523 4061 perpetravit
540 3986 677 4043 insanum
703 3984 825 4053 facinus
843 3994 1003 4057 antequam
1023 3985 1193 4044 exordiatur
1209 3986 1326 4044 fabulae

157 4096 245 4161 actio,
273 4093 410 4149 Herculis
440 4110 510 4149 vero
540 4091 656 4148 insania
681 4100 743 4147 tum
767 4090 887 4148 demum
924 4089 1042 4159 accidit,
1068 4108 1135 4147 cum
1169 4092 1244 4149 liniti
1268 4092 1327 4149 sint

157 4211 216 4258 tres
240 4200 382 4256 dramatis
407 4210 499 4256 actus.
540 4196 631 4269 Quod
655 4196 693 4253 ad
718 4194 928 4253 oeconomiam
953 4196 1120 4254 fabularum
1144 4217 1253 4272 magna
1276 4199 1325 4255 ha·

158 4307 222 4364 buit
246 4315 405 4362 momenta.

265 4410 367 4469 Aiacis
391 4410 479 4486 igitur
502 4409 616 4469 lacinus
640 4426 707 4469 curu
732 4409 882 4469 accideret
904 4407 1023 4469 silentio
1047 4408 1154 4482 noctis,
1178 4407 1326 4471 dormien-

1403 4556 1485 4776 Ι
