2978 5122
629 291 849 335 ...21⁸-

151 470 265 548 parlter
287 470 371 530 vanis
401 469 511 530 fallitur
535 468 726 548 imaginibus.
775 470 891 531 Tamen
920 469 970 528 hic
1000 468 1187 546 potissimum
1218 467 1324 538 elucet,

152 591 299 654 quantum
323 578 398 637 inter
418 578 575 654 Sophoclis
600 590 628 637 et
647 578 799 653 Euripidis
823 578 970 637 rationem
987 575 1178 636 describendi
1200 576 1324 636 intersit,

152 685 257 744 Aiacis
280 685 359 744 enim
384 704 467 744 mens
491 696 553 743 tota
576 696 619 744 est
644 685 765 744 addicta
780 685 831 743 uni
856 686 949 743 talsae
971 684 1119 759 opinioni,
1137 667 1213 741 intra
1236 701 1326 758 quam

153 792 325 850 continetur
348 792 474 851 insania.
531 795 588 849 Pro
613 792 743 850 Achaeis
777 792 908 867 pecudes
941 792 1040 850 caedit
1069 801 1212 865 tanquam
1237 788 1324 847 viros.

153 901 255 974 Atque
279 909 377 959 manet
401 900 476 966 haec
500 898 613 973 opini0,
638 899 708 956 dunt
733 899 846 956 levetur
869 898 965 955 morbi
990 898 1172 956 accessione.

264 1026 369 1100 Longe
392 1025 476 1082 aliter
499 1043 559 1082 rem
577 1023 701 1081 instituit
717 1023 884 1098 Euripides,
903 1041 963 1081 non
988 1023 1182 1098 acquiescens
1198 1026 1326 1102 simplici

161 1131 322 1206 Sophoclis
338 1131 462 1189 ratione.
491 1133 602 1188 Verum
619 1139 673 1198 est,
691 1130 852 1187 Herculem
865 1129 1002 1201 consilio,
1020 1131 1102 1204 quod
1120 1131 1203 1190 initio
1221 1133 1327 1192 mentis
1399 1147 1400 1150 ’

154 1237 346 1296 alienationis
370 1237 458 1312 cepit,
493 1255 641 1311 nusquam
669 1235 841 1309 discedere;
875 1236 928 1294 sed
953 1237 1154 1311 quodcunque
1186 1238 1248 1314 agit
1277 1249 1327 1298 aut

153 1344 273 1419 patitur,
308 1345 347 1401 ad
369 1341 573 1418 Eurystheum
607 1343 695 1400 refert
725 1342 902 1402 necandum.
951 1344 989 1399 At
1022 1342 1052 1398 in
1086 1362 1123 1401 eo
1147 1345 1327 1420 Euripideae

153 1451 280 1508 rationis
310 1450 460 1526 egregiam
493 1467 639 1524 agnosces
673 1449 819 1517 virtutem,
845 1449 925 1522 quod
957 1448 987 1505 in
1022 1450 1152 1507 Hercule
1182 1469 1237 1527 pro
1267 1469 1327 1510 una

154 1575 253 1631 eaque
269 1558 390 1615 firmiter
406 1556 498 1614 menti
522 1557 612 1613 infixa
629 1555 774 1630 opinione
798 1555 895 1629 plures
915 1555 1059 1630 deinceps
1083 1557 1140 1613 sibi
1164 1558 1328 1618 succedunt

153 1682 252 1722 vanae
277 1664 422 1739 imagines
445 1681 565 1739 prorsus
590 1662 665 1720 inter
690 1679 722 1720 se
746 1661 891 1730 diversae,
910 1679 987 1736 quae
1011 1663 1084 1720 mira
1108 1665 1243 1739 profecto
1259 1684 1327 1724 curn

154 1770 328 1829 mobilitate
352 1780 381 1826 et
405 1768 533 1827 existunt
549 1778 578 1825 et
602 1777 791 1825 evanescunt.
840 1767 933 1840 Quod
958 1778 1143 1844 quantopere
1166 1788 1236 1829 vera
1259 1790 1327 1830 curn

154 1877 291 1953 insaniae
315 1877 410 1933 forma
434 1874 594 1932 conveniat
618 1884 646 1931 et
680 1874 718 1931 ad
743 1873 828 1930 huius
861 1872 1047 1948 potissimum
1072 1875 1177 1933 suroris
1210 1878 1327 1952 generis

154 1983 288 2058 speciem
305 1982 343 2039 sit
359 1981 631 2048 accommodatum,
648 1998 723 2036 unus
740 1998 776 2037 ex
800 1979 1015 2037 recentioribus
1032 1981 1139 2040 mentis
1155 1984 1326 2042 morborum

153 2068 383 2163 indagatoribus
408 2087 495 2145 nobis
527 2097 656 2144 testetur.
705 2087 752 2144 W.
779 2085 952 2159 Griesinger
981 2086 1012 2143 in
1044 2087 1131 2158 libro,
1166 2107 1255 2162 quem
1285 2089 1327 2147 in·

154 2195 288 2271 scripsit:
307 2194 383 2252 »Die
399 2193 573 2267 Pathologie
590 2192 651 2250 und
664 2194 691 2249 T
692 2192 814 2268 herapia
831 2192 884 2249 der
900 2192 1097 2267 psychischen
1111 2195 1326 2254 Krankheiten.

155 2297 378 2383 (Braunschwg.
410 2297 504 2382 1871)
537 2318 588 2374 pg.
627 2301 684 2372 287
713 2299 753 2357 ita
785 2297 901 2356 disserit
925 2298 964 2357 de
987 2299 1094 2356 morbo
1125 2300 1176 2374 qui
1205 2312 1329 2359 vocatur

159 2408 363 2466 »Tobsucht«
380 2426 386 2466 ι

269 2515 328 2571 »So
354 2514 432 2572 stellt
456 2512 518 2570 sich
544 2512 587 2569 als
619 2510 668 2569 die
692 2510 963 2585 hauptsachlichste
986 2512 1146 2571 Anomalie
1176 2511 1229 2570 des
1253 2515 1327 2570 Vor-

119 2684 122 2693 .
156 2621 279 2678 stellens
304 2620 333 2676 in
351 2619 405 2679 der
428 2625 645 2693 ausgepragten
661 2618 818 2675 Tobsucht
841 2617 908 2676 eine
924 2617 1162 2676 Verworrenheit
1185 2618 1239 2678 der
1254 2621 1327 2678 Vor-

154 2726 325 2801 stellungen
341 2726 458 2792 heraus,
476 2724 587 2781 welche
611 2723 673 2780 sich
697 2724 740 2781 als
765 2723 955 2798 notwendige
970 2724 1064 2798 Folge
1088 2742 1141 2781 aus
1165 2725 1219 2783 der
1233 2714 1327 2784 Uber·

158 2833 260 2907 eilung
285 2833 358 2889 aller
380 2830 520 2905 geistiger
543 2830 704 2895 Processe‚
730 2847 782 2886 aus
806 2830 859 2886 der
882 2829 1129 2904 Unmbglichkeit
1152 2829 1235 2889 einer
1256 2832 1327 2889 voll-

156 2939 316 3012 standigen
330 2938 520 3010 Ausbildung
536 2936 590 2994 der
602 2935 755 2994 einzelnen
769 2936 1009 3010 Vorstellungen,
1024 2953 1076 2992 aus
1092 2936 1161 2994 dem
1174 2937 1327 2996 schnellen

156 3045 296 3103 Wechsel
321 3046 374 3102 der
398 3043 602 3118 Stimmungen
617 3074 660 3084 -
673 3075 715 3084 -
730 3075 770 3082 —
784 3041 907 3115 ergiebt.
938 3042 1048 3099 Weder
1074 3043 1140 3112 fixe,
1166 3041 1328 3102 bleibende

156 3150 422 3226 Wahnbildungen
457 3149 524 3206 sind
560 3149 661 3206 diesen
693 3148 863 3206 Zustttnden
895 3148 992 3222 eigen,
1024 3149 1102 3205 noch
1136 3149 1255 3206 werden
1284 3148 1327 3207 sie

155 3259 250 3316 durch
283 3258 332 3315 ein
365 3256 658 3327 leidenschaftliches
682 3255 862 3321 Vorstellen,
897 3255 952 3311 das
984 3272 1037 3311 aus
1069 3254 1139 3313 dem
1171 3257 1326 3330 gesunden

155 3364 261 3422 Leben
284 3363 593 3437 hertibergenomnren
618 3361 728 3429 wurde,
755 3361 955 3418 beherrscht.<‹
985 3393 1028 3402 -

265 3470 357 3543 Quod
382 3469 524 3526 iudicium
542 3479 731 3542 accepturum
757 3467 847 3524 luisse
864 3467 1093 3541 Hippocratem,
1110 3484 1147 3524 ex
1167 3467 1213 3525 his
1230 3469 1327 3527 verbis

156 3576 293 3651 suspicer
316 3575 355 3632 ad
379 3576 506 3632 furorem
532 3574 752 3647 spectantibus:
780 3567 829 3653 (de
853 3573 960 3631 morbo
984 3564 1120 3649 sacr0.§
1148 3593 1195 3645 14.
1221 3576 1254 3635 L.
1272 3577 1325 3635 VI.

156 3703 205 3758 pg.
233 3685 319 3758 363).
367 3671 494 3762 οἷνοίγκη
520 3713 560 3722 -
586 3713 627 3720 ··-
650 3677 730 3760 μήτε
755 3674 814 3762 τήν
846 3675 930 3765 ὄψιν
954 3678 1140 3765 ἀτρεμίζειν
1162 3673 1244 3761 μήτε
1267 3675 1328 3762 τήν

155 3783 261 3869 οἷκοὴν
285 3786 355 3850 ἀλλ’
380 3780 495 3848 ἄλλοτε
521 3781 613 3848 ἄλλο·
643 3784 727 3870 όρᾷν
756 3794 812 3848 καὶ
843 3783 984 3864 ἀκούειν,
1018 3778 1079 3868 τήν
1110 3809 1146 3848 τε
1179 3781 1328 3864 γλῶσσαν

156 3899 294 3958 τοιαῦτα
331 3892 557 3971 διαλέγεσθαι,
591 3887 712 3970 oldaia
744 3892 851 3972 βλέπῃ
884 3917 917 3954 rs
951 3897 1007 3955 καὶ
1035 3889 1135 3972 danda
1164 3889 1326 3954 ἑκάστοτε.

157 4005 275 4059 Tamen
300 3999 528 4056 Wilamowitzio
552 4000 636 4073 plura
661 3998 691 4055 in
716 4000 772 4056 hac
796 3966 965 4056 narratione
989 3965 1206 4072 vituperatione
1236 4017 1327 4072 quam

157 4108 249 4165 laude
274 4107 366 4181 digna
390 4105 453 4163 visa
477 4115 553 4162 sunt.
590 4104 672 4162 Dicit
695 4107 770 4162 haec
794 4105 838 4161 vir
853 4104 1059 4162 doctissimus:
1084 4098 1137 4184 (ci.
1156 4107 1228 4162 Her.
1253 4114 1325 4164 tom.

159 4215 196 4271 ΙΙ.
222 4233 271 4288 pg.
301 4214 389 4293 224.)
427 4230 477 4269 »es
510 4211 547 4267 ist
570 4211 653 4268 nicht
685 4230 720 4268 zu
748 4211 919 4278 bestreiten,
943 4210 1013 4267 dass
1047 4209 1099 4266 der
1125 4209 1250 4267 Dichter
1277 4209 1327 4268 die

157 4319 427 4378 Anschaulichkeit
444 4318 489 4375 bis
513 4336 564 4375 zur
582 4317 747 4375 Kakozelie
771 4317 924 4392 getrieben
948 4316 1007 4372 hat.
1050 4314 1106 4371 Die
1131 4314 1240 4372 beiden
1265 4315 1326 4371 Sta·

157 4427 260 4485 tionen
277 4426 331 4483 auf
351 4425 404 4483 der
421 4424 509 4482 Fahrt
526 4425 603 4481 nach
620 4425 770 4500 Mykenae
795 4423 913 4481 werden
936 4420 1108 4489 lacherlich,
1127 4420 1223 4477 zumal
1241 4437 1327 4476 wenn

1178 4626 1428 4824 Α
