2978 5122
571 288 792 348 ,45-

206 467 297 540 Atqui
322 483 410 540 nego,
436 467 573 525 scholion
597 486 699 525 verum
723 467 862 525 exhibere
887 466 994 524 Galerii
1018 466 1056 524 de
1088 466 1191 524 libello
1214 484 1267 523 no-

97 583 159 631 stro
183 573 333 634 indiciam.
381 575 428 630 De
453 591 513 646 quo
537 573 702 631 accuratius
726 574 827 649 paullo
851 574 939 631 liceat
963 572 1124 646 disputare.

205 681 315 736 Verum
340 690 404 736 esto
429 680 509 754 quod
534 680 689 737 contendit
713 679 873 748 Ermerins,
896 678 1003 736 scholii
1033 679 1124 736 verba
1148 678 1265 736 solitum

99 787 208 844 referre
232 786 407 859 Pergameni
432 786 573 843 orationis
598 787 739 843 colorem.
772 785 808 842 Id
831 795 931 843 tamen
956 802 1076 859 quaero,
1101 803 1172 841 num
1196 784 1267 841 veri-

97 891 195 948 simile
219 892 255 949 sit
278 892 317 949 ad
341 902 474 949 nostrum
498 892 604 948 librum
636 892 713 948 hanc
746 891 972 948 adnotationem
1005 909 1072 947 eum
1104 890 1266 964 scripsisse.

99 997 194 1070 Quod
217 1009 248 1054 ut
271 997 415 1066 dubitem,
440 998 505 1072 ipsa
528 997 700 1054 Ermerinsii
725 997 941 1073 argumentatio
966 1004 1013 1054 me
1037 995 1149 1054 invitat.

205 1103 302 1178 Spurii
325 1104 364 1161 de
388 1105 494 1161 morbo
519 1122 604 1161 sacro
629 1114 769 1161 tractatus
799 1103 944 1178 originem
977 1112 1070 1159 totam
1104 1103 1164 1160 sere
1197 1102 1268 1160 inde

98 1209 205 1284 repetit
229 1209 389 1278 Ermerins
415 1210 498 1283 quod
522 1210 723 1284 Hippocrates
748 1210 777 1266 in
802 1210 888 1277 libro,
914 1227 1002 1283 quem
1020 1208 1058 1265 de
1075 1226 1152 1278 aere,
1171 1208 1266 1282 aquis,

97 1316 174 1372 locis
197 1316 384 1390 conscripsit,
417 1316 535 1389 longius
566 1315 684 1373 disserit
717 1316 756 1372 de
787 1315 868 1372 salsis
893 1316 1070 1388 Scytharum
1103 1313 1141 1372 de
1172 1314 1268 1371 morbi

97 1421 252 1478 cuiusdam
277 1421 430 1479 divinitate
455 1422 656 1496 opinionibus.
707 1416 754 1501 (cf.
786 1423 898 1496 proleg.
935 1440 1004 1496 pgg.
1029 1421 1145 1476 XXXV
1169 1415 1267 1500 seqq.)

98 1527 182 1584 Hinc
205 1527 294 1602 igitur
318 1547 421 1589 ansam
446 1528 607 1602 sumpsisse
631 1527 794 1602 sophistam
819 1527 950 1602 aliquem
973 1527 1107 1584 libellum
1131 1526 1170 1583 de
1194 1544 1268 1583 mor-

62 1618 68 1624 ’
99 1635 141 1690 bo
165 1653 251 1691 sacro
283 1634 322 1691 ad
351 1634 545 1709 Hippocratis
577 1635 745 1708 exemplum
779 1633 1002 1708 componendi;
1037 1631 1084 1688 cui
1115 1632 1268 1689 materiam

99 1739 307 1814 suppeditasse
331 1741 401 1797 satis
426 1740 567 1798 idoneam
600 1741 728 1797 eundem
760 1741 798 1797 de
821 1758 889 1798 acre
919 1739 1004 1814 aquis
1034 1738 1108 1795 locis
1141 1739 1268 1805 librum;

99 1864 178 1920 quae
202 1855 299 1903 autem
324 1846 363 1903 de
387 1847 507 1920 Libycis
531 1857 630 1904 narret
662 1856 765 1903 auctor
795 1856 905 1915 noster,
941 1864 977 1903 ea
1008 1845 1065 1902 sibi
1094 1845 1199 1903 statuit·
1219 1846 1268 1901 Er·

99 1951 210 2008 merins
235 1951 424 2027 edeperdita
447 1952 515 2008 libri
539 1952 616 2008 illius
639 1962 723 2026 parte
747 1970 812 2009 esse
828 1962 961 2027 sumpta;
979 1951 1028 2020 (cs.
1048 1969 1095 2025 pg.
1115 1945 1268 2031 LXVIII.)

98 2058 151 2132 qui
175 2069 357 2132 quantopere
382 2058 550 2115 consentiat
572 2057 724 2114 nonnullis
747 2057 822 2115 locis
846 2077 913 2114 cum
937 2067 1039 2114 nostro
1055 2066 1190 2125 tractatu,
1207 2057 1269 2130 plu·

99 2163 182 2221 ribus
205 2163 330 2221 illustrat
354 2165 498 2239 exemplis
523 2183 593 2239 pgg.
618 2165 842 2237 XXXVIsVH3
868 2182 946 2238 quae
970 2164 1086 2220 diversa
1115 2163 1183 2232 sint,
1208 2181 1269 2218 non

98 2270 222 2330 curavit.

208 2378 307 2450 Atque
331 2378 443 2452 optime
468 2377 589 2452 quidem
614 2396 755 2452 magnam
779 2377 855 2434 inter
869 2376 1021 2451 utriusque
1037 2375 1104 2433 libri
1122 2376 1270 2450 quosdam

98 2485 185 2540 locos
209 2482 432 2541 similitudmem
457 2484 572 2540 monuit
595 2483 638 2541 vir
661 2483 859 2541 doctissimus
909 2484 1009 2557 Quom
1033 2494 1064 2540 ut
1096 2484 1174 2541 clare
1206 2501 1270 2558 per·
1301 2529 1304 2535 .

99 2588 220 2663 spicios,
246 2588 417 2662 potissimos
441 2590 525 2646 locos
548 2583 737 2647 adscribam:

100 2713 142 2770 de
166 2713 261 2772 morb.
287 2712 495 2789 sacr.<L.V1.
515 2732 563 2788 pg.
583 2713 659 2790 394)
715 2713 752 2771 de
784 2732 861 2781 aere,
895 2712 990 2787 aquis,
1022 2713 1105 2774 locis
1154 2712 1197 2791 (L.
1233 2715 1270 2770 II.

646 2820 649 2827 '
928 2837 976 2894 pa·
1005 2819 1057 2894 76)

100 2957 147 2966 -
169 2919 278 2986 ταῦτα
304 2923 331 2986 δ’
365 2922 432 2988 ἐστὶ
456 2930 546 2999 θεῖα,
576 2920 659 2989 ὥστε

100 3028 205 3113 μηδὲν
239 3028 449 3112 διακρίνοντα
486 3030 522 3094 ιδ
556 3030 660 3112 νούση-

100 3160 151 3218 μα
177 3133 346 3221 θειότερον
369 3141 434 3199 τῶν
450 3136 576 3201 λοιποῖν
593 3161 659 3201 νοο-

102 3240 258 3324 σημάτων
281 3240 435 3321 νομίζειν.
467 3237 553 3306 ἄλλα
579 3243 658 3307 ποίν-

102 3373 147 3410 τα
171 3353 254 3409 θεῖα
279 3354 335 3410 καὶ
357 3344 560 3434 α’νὲλρολιιινα
579 3350 659 3413 ποίν-

103 3479 158 3517 w.
183 3452 281 3534 φύσιν
304 3453 340 3516 δὲ·
364 3452 429 3535 ι’·’χει
453 3458 661 3520 ἕκαστονκαὶ

103 3555 248 3642 δύναμιν
282 3559 332 3642 ἐφ’
366 3563 497 3624 ἑαυτοῦ
528 3572 583 3625 καὶ
616 3560 662 3626 οδ-

104 3666 164 3730 δὲν
191 3663 320 3752 ἄπορόν
352 3665 441 3729 ἔστιν
472 3664 548 3732 οὐδὲ
583 3665 661 3750 α’,ιιή-

103 3794 217 3854 χανον.

246 3880 390 3938 Conferas
414 3900 523 3956 porro:

167 3985 205 4044 de
228 4006 313 4045 ms
341 3987 360 4063 ξ
383 3989 420 4048 ΙΙ,
447 4008 495 4064 pg.
522 3991 601 4062 366:

104 4101 167 4155 καί
186 4116 234 4154 τοι
258 4096 289 4154 εἰ
311 4091 483 4178 θειότερόν
506 4092 572 4157 ἐστι
597 4100 662 4157 τῶν

104 4196 227 4272 ἄλλων,
256 4213 357 4260 τοῖσιν
388 4194 517 4262 ἅπασιν
549 4200 666 4281 ὁμοίοις

104 4303 174 4368 ἔδει
197 4309 353 4384 γίνεσθαι
375 4303 436 4388 τήν
458 4310 571 4369 νοῦσον
591 4302 666 4371 ταδ-

102 4435 167 4499 την
201 4416 259 4474 καὶ
292 4408 336 4498 μή
373 4409 552 4499 διακρίνειν
586 4412 667 4497 μήτε

715 2922 787 3006 ἐμοὶ
811 2922 845 2985 δὲ
870 2933 925 2988 καὶ
950 2920 1058 3010 uticam
1074 2923 1176 2988 δοκέει
1197 2921 1271 2988 ταδ-

716 3053 756 3093 ια
780 3028 821 3092 τοὶ
847 3028 967 3092 πάθεα
999 3035 1082 3092 θεῖα
1107 3030 1192 3093 εἶναι
1216 3040 1271 3094 καὶ

713 3134 818 3199 τᾶλλα
849 3131 962 3199 πάντα
994 3145 1048 3200 καὶ
1082 3133 1178 3200 οὐδὲν
1211 3140 1271 3199 ἕτε-

715 3266 771 3324 ρον
793 3245 902 3323 ἑτέρου
925 3241 1097 3324 θειότερον
1121 3242 1195 3306 οὐδὲ
1219 3243 1272 3306 α’ν·

716 3346 979 3433 θροιπινώτιρον.
1032 3343 1118 3411 dato}
1159 3348 1272 3412 πάντα

715 3449 813 3532 ὅμοια
842 3463 897 3516 καὶ
929 3453 1042 3518 πάντα
1076 3456 1165 3517 θεῖα.
1203 3451 1273 3518 ἕκα-

717 3579 793 3624 στον
823 3559 859 3623 δὲ
891 3555 955 3641 ἔχει
987 3555 1081 3642 φύσιν
1114 3561 1181 3623 τοῖν
1213 3586 1262 3623 τοι

717 3675 834 3730 ortator
857 3675 913 3729 καὶ
937 3664 1035 3728 οὐδὲν
1059 3662 1139 3730 ἄνευ
1162 3666 1274 3748 φύσιος

716 3782 868 3852 γίγνεται.

745 3985 773 4045 d.
800 4004 878 4057 aere,
904 3985 989 4063 aqrris
1012 3985 1087 4045 locis
1111 4009 1160 4064 pg.
1187 3990 1245 4048 86:

718 4103 778 4157 καί
798 4117 847 4156 τοι
870 4093 978 4177 ἐχρῆν,
1003 4092 1075 4156 ἐπεὶ
1104 4089 1275 4180 θειότερον

719 4198 755 4262 οδ
781 4194 922 4282 νόσευμα
947 4206 1013 4262 τῶν
1036 4201 1160 4264 λοιπῶν
1177 4199 1274 4271 ἔστιν.

721 4306 758 4369 οδ
796 4321 875 4369 τοῖσι
913 4305 1171 4386 rumorosorum
1209 4311 1276 4373 τῶν

720 4415 879 4477 Σκυθέων
902 4422 958 4478 καῖ
981 4427 1063 4476 τοῖσι
1079 4412 1276 4479 πλουσιωοά·
