2978 5122
620 304 841 364 ..35-

255 483 319 557 Iph.
344 483 433 540 Taur.
458 501 501 542 vs.
527 500 607 557 307:

299 597 414 652 ultrast
439 587 477 652 δὲ
499 597 623 670 μανίας
645 589 781 653 πίτυλον
805 589 822 652 ὅ
848 592 938 665 ξένος
960 594 1077 671 μεθεὶς
1098 624 1143 632 --
1166 623 1209 632 -

107 711 211 753 non
236 714 355 771 possum
380 696 429 766 ita,
454 704 485 752 ut
508 695 558 752 ille
581 696 651 765 vult,
675 695 840 770 intelligere
863 715 969 755 vocem
992 697 1133 770 πίτυλος.

256 819 358 877 Malim
392 819 531 895 equidem
566 820 655 877 aliam
690 820 774 895 sequi
808 820 964 879 rationem.
1011 821 1165 896 Significat
1197 814 1317 896 proprie

92 926 281 1001 πίτυλος
304 943 402 1000 aquae
425 926 588 1000 strepitum,
613 927 665 1001 qui
689 927 815 984 efficitur
837 927 925 985 remis
941 927 972 985 in
990 937 1069 1002 aqua
1084 927 1225 987 intinctis
1261 927 1318 1002 lgi-

85 1026 176 1082 tui·
222 1034 319 1090 subest
341 1031 411 1089 huic
435 1032 501 1089 voci
525 1034 609 1090 notio
633 1032 774 1091 turbandi
796 1034 844 1091 vel
868 1032 1027 1099 excitandi,
1054 1051 1133 1108 quae
1161 1034 1201 1091 ad
1226 1033 1317 1091 animi

80 1126 267 1195 insania
290 1138 351 1195 sive
375 1148 454 1196 metu
479 1139 577 1197 affecti
601 1133 710 1197 statum
735 1139 854 1214 egregie
878 1134 1014 1214 quadrat.
1062 1140 1139 1197 Nam
1174 1150 1205 1197 ut
1238 1159 1318 1214 aqua

42 1243 45 1247 '
77 1249 298 1302 rfirmorum
322 1243 455 1302 motione
487 1246 629 1314 turbatur,
663 1245 703 1302 ita
734 1246 890 1303 affectibus
924 1245 982 1302 illis
1016 1245 1159 1303 excitatur
1190 1246 1315 1304 animus¹

74 1337 304 1410 Quocirca
326 1349 370 1407 sic
394 1351 561 1427 acceperim
586 1351 811 1425 Amphitryonis
832 1338 935 1422 uerba,
969 1362 999 1409 ut
1032 1351 1212 1426 depingatur
1243 1371 1318 1410 voce

72 1455 285 1530 πίτυλος
309 1456 400 1514 animi
424 1456 588 1515 commotio
612 1458 711 1515 furore
734 1457 841 1516 affecti.
867 1491 909 1500 —

259 1563 377 1638 Negare
400 1573 498 1620 autem
523 1565 605 1634 nolO,
630 1573 733 1621 nostro
761 1564 830 1620 loco
862 1563 951 1621 etiam
985 1562 1074 1620 aliam
1105 1564 1319 1639 interpretandi

72 1653 231 1726 viam
265 1679 375 1743 patere.
425 1668 607 1743 Saepissime
642 1669 721 1727 enirn
754 1670 833 1727 valet
868 1668 1000 1742 πίτυλος
1035 1670 1199 1745 remigium,
1236 1671 1318 1745 quod

75 1772 296 1850 exemptis
319 1774 444 1833 illustrat
468 1775 586 1833 Wilam.
611 1776 631 1836 l.
656 1776 693 1847 l.;
719 1776 819 1850 itaque
835 1772 1032 1856 μαινόμενος
1049 1775 1180 1850 πίτυλος
1196 1777 1320 1835 fortasse

78 1863 301 1943 Significat
323 1882 474 1939 turbatum
505 1881 669 1957 remigium,
695 1900 756 1956 quo
787 1883 828 1949 fit,
861 1891 892 1938 ut
923 1899 1009 1938 cursu
1039 1891 1193 1939 excutatur
1224 1882 1317 1941 navis.

83 1966 239 2045 Haec
264 1988 363 2061 imago
388 1987 426 2044 ad
452 1987 590 2045 Herculis
624 1988 753 2045 furorem
785 1988 927 2045 translata
959 1987 1071 2044 nullam
1107 1987 1180 2044 mihi
1209 1988 1320 2046 habere

86 2077 268 2151 videtur
291 2093 497 2152 offensionem.
531 2095 574 2151 Ut
589 2093 679 2169 igitur·
693 2095 812 2151 turbato
829 2093 945 2166 remigii
961 2093 1066 2151 ordine
1082 2094 1167 2152 navis
1184 2095 1222 2152 de
1238 2105 1319 2152 recto

91 2198 238 2257 Cursu
263 2198 429 2275 depellitur,
455 2199 496 2257 ita
519 2201 666 2258 Hercules
689 2199 806 2257 insania
830 2216 989 2274 oppressus
1013 2218 1030 2257 a
1053 2210 1133 2258 recta
1156 2201 1205 2258 via
1229 2201 1320 2258 abdu-

95 2295 185 2357 tus
215 2315 270 2366 est.
318 2306 424 2378 Neque
442 2305 609 2363 dubitarem
630 2305 783 2363 vindicare
806 2316 908 2362 nostro
932 2306 1000 2362 loco
1024 2306 1101 2363 hanc
1126 2306 1318 2382 comparatio-

99 2410 231 2482 nem,
257 2411 315 2470 nisi
338 2410 544 2469 dissuaderent
568 2412 626 2468 hoc
650 2411 750 2484 ceteri,
776 2411 884 2486 quibus
908 2411 1036 2468 eundem
1070 2412 1321 2487 deprehendimus

106 2517 235 2577 vocis
260 2516 392 2592 πίτυλος
414 2535 509 2587 usum,
534 2518 603 2587 loci,
628 2529 657 2575 et
681 2518 807 2575 alienior
830 2516 901 2574 mihi
926 2535 990 2575 esse
1005 2516 1155 2575 videretur
1170 2518 1237 2576 talis
1253 2519 1321 2576 alle·

111 2625 238 2683 gor-ia
262 2625 301 2682 ab
325 2624 461 2682 oratione
485 2624 655 2698 Euripidea.

261 2732 332 2788 Post
365 2731 444 2788 hanc
467 2730 683 2804 digressionem
718 2742 848 2789 revertor
879 2731 918 2788 ad
947 2730 1143 2806 Choephoros
1178 2731 1319 2790 fabulam.

122 2822 245 2895 Cuius
269 2837 309 2894 de
343 2854 380 2894 ea
408 2848 492 2910 parte
528 2847 617 2895 restat
640 2848 671 2895 ut
705 2837 899 2912 disputemus,
937 2854 1013 2911 quae
1049 2837 1212 2895 acerrimae
1240 2828 1323 2896 ¹inter

129 2931 193 2998 Q.
218 2943 396 3002 Muellerum
421 2952 450 3000 et
475 2944 554 3002 God.
581 2945 787 3002 Hermannum
813 2943 1034 3001 controversiae
1056 2943 1193 3018 praebuit
1208 2962 1320 3002 ansam.

132 3033 233 3108 Dico
258 3068 359 3108 versus
388 3065 466 3124 1045
494 3068 590 3124 seqq,
616 3050 724 3124 quibus
743 3050 781 3108 de
797 3049 891 3106 Furiis
909 3048 1218 3124 appropinquantibus
1236 3051 1322 3108 Ores-

136 3151 201 3212 tes
221 3156 361 3232 loquitur.
408 3156 467 3213 Vix
490 3156 678 3231 exspectabis
703 3156 856 3230 utriusque
879 3155 931 3212 viri
956 3155 1117 3213 sententias
1140 3155 1170 3212 in
1204 3173 1322 3213 accura-

81 3320 84 3325 .
142 3259 212 3322 tius
235 3281 361 3322 examen
385 3281 434 3320 me
457 3280 521 3320 esse
544 3272 726 3320 vocaturum.
775 3262 848 3319 Mihi
874 3272 953 3320 certe
976 3263 1054 3319 adeo
1070 3261 1186 3319 videtur
1201 3261 1323 3320 diluisse

146 3369 248 3427 totam
273 3368 411 3427 Muelleri
445 3368 743 3444 argumentationem,
777 3387 837 3442 qua
870 3387 955 3445 vere,
972 3368 1078 3425 adesse
1110 3367 1168 3425 iam
1200 3367 1259 3425 hoc
1291 3367 1322 3425 in

149 3474 290 3533 dramate
321 3475 462 3548 Erinyum
494 3493 638 3550 personas
671 3476 799 3550 probare
831 3474 951 3543 studuit,
986 3474 1241 3548 ingeniosissimus
1273 3473 1324 3532 ille

151 3580 352 3649 adversarius,
370 3591 401 3638 ut
424 3591 491 3638 acta
516 3590 625 3656 ageret,
644 3581 694 3655 qui
720 3581 819 3639 denuo
837 3579 972 3638 Muelleri
997 3579 1170 3654 opinionem
1194 3578 1321 3654 suscipe·

151 3699 199 3746 ret
233 3688 432 3747 refutandam.
489 3688 549 3746 Sed
583 3705 766 3762 quamquam
802 3687 832 3744 in
863 3686 1031 3744 Hermanni
1066 3684 1323 3760 argumentatione

138 3790 218 3852 'iure
243 3793 314 3851 mihi
337 3795 442 3852 videor
464 3793 664 3868 acquiescere,
690 3803 789 3851 tamen
814 3793 873 3851 alia
896 3811 931 3850 ex
955 3802 1038 3867 parte
1071 3791 1157 3861 infra,
1188 3790 1260 3866 quid
1285 3792 1324 3850 de

152 3901 299 3975 Erinyum
324 3900 355 3957 in
378 3919 468 3959 scena
491 3900 661 3975 praesentia
686 3899 723 3956 sit
747 3886 950 3964 iudicandum,
977 3897 1153 3956 videbimus.
1191 3898 1323 3970 Quanto·

154 4026 229 4084 pere
253 4007 332 4065 enim
357 4007 454 4065 aliena
477 4006 515 4064 sit
538 4027 555 4064 a
578 4016 679 4064 mente
702 4005 841 4080 Aeschyli
865 4004 1002 4063 Muelleri
1025 4003 1165 4078 suspicio,
1189 4014 1250 4062 tum
1268 4004 1326 4062 cla·

152 4114 272 4173 rissime
294 4114 451 4183 elucescet,
476 4114 509 4185 si,
542 4131 600 4188 qua
632 4113 747 4171 ratione
779 4113 809 4171 in
833 4111 1049 4171 Eumenidibus
1072 4109 1226 4168 Furiarum
1252 4103 1324 4186 'per-

153 4241 251 4280 sonae
273 4220 480 4296 adhibeantur,
506 4238 692 4296 quaeremus.

265 4329 353 4386 Nunc
376 4347 447 4386 vero
471 4327 668 4402 opportunius
691 4326 769 4384 hanc
793 4325 1040 4400 Choephororum
1064 4334 1178 4399 partem
1203 4341 1324 4381 cumea

155 4433 328 4495 Promethei
352 4434 472 4493 fabulae
496 4451 587 4493 scena
610 4432 861 4510 comparabimus,
886 4433 1002 4508 qualo
1034 4431 1073 4489 ab
1097 4432 1178 4507 Argo
1212 4428 1324 4505 agitata

1270 4658 1452 4824 F
