2978 5122
560 284 782 348 ...25-

189 465 270 524 Bene
287 475 385 523 autem
403 463 556 524 conscium
573 464 662 525 fuisse
680 464 737 524 sibi
754 465 928 542 Euripidem
948 485 1019 526 suae
1044 464 1255 544 descriptionis

78 572 220 640 veritatis
254 591 435 646 quamquam
470 572 539 629 satis
573 592 608 631 ex
641 573 686 642 iis,
722 592 800 647 quae
833 575 976 632 hactenus
1009 574 1144 649 exposita
1177 584 1253 646 sunt,

80 698 226 754 apparere
250 679 430 753 putaverim,
456 689 556 737 tamen
581 680 718 754 exemplo
742 681 844 755 paullo
875 681 959 739 aliter
991 691 1165 756 comparato
1193 681 1255 737 illu-

80 796 174 843 strare
198 785 296 842 liceat.
344 785 488 843 Ultimam
513 786 591 843 enim
616 805 738 844 scenam
763 787 801 844 ad
826 788 954 845 furorem
978 797 1172 862 spectantem,
1198 804 1257 860 qua

80 911 190 950 somno
215 892 336 949 solvitur
360 893 516 961 Hercules
542 893 688 961 attendas
714 893 812 961 velim,
838 912 898 967 qua
921 893 1036 951 ratione
1060 893 1256 950 introduxerit

79 1008 181 1074 poeta.
202 998 361 1056 Antecedit
373 998 597 1072 Amphitryonis
611 1017 678 1055 cum
693 999 785 1056 choro
799 993 930 1081 κόμμος,
948 999 999 1073 qui
1016 1008 1146 1057 vocatur.
1162 998 1254 1055 Audi·

80 1124 167 1162 amus
191 1105 264 1178 quid
288 1104 343 1161 sibi
375 1114 484 1161 statuat
507 1115 591 1179 pater
615 1105 653 1162 de
676 1105 792 1177 sommi,
819 1125 880 1179 quo
904 1115 1020 1163 tenetur
1035 1105 1121 1178 filius,
1139 1116 1254 1164 eventu.

80 1211 237 1268 Admonet
261 1212 393 1279 chorum,
418 1230 457 1269 ne
481 1211 590 1269 excitet
613 1211 774 1269 Herculem
799 1221 889 1269 cantu
905 1210 1039 1286 lugubri,
1064 1210 1110 1268 his
1142 1211 1253 1269 verbis:

80 1313 138 1396 (cs.
163 1338 222 1376 vss
253 1337 333 1391 1043
359 1318 458 1394 seqq.)

267 1423 324 1487 οὐκ
349 1421 514 1507 οἷτρεμαῐα
540 1424 666 1506 θρῆνον
690 1418 813 1497 αἰ’ξετ’
839 1413 868 1487 οῗ
890 1432 1053 1510 γέροντες,·

267 1527 288 1612 ἤ
313 1530 402 1613 δέσμ’
428 1526 671 1616 οἷνεγειρόμενος
694 1530 844 1612 χαλάσας
869 1529 988 1594 cincias·
1009 1528 1107 1593 πόλιν

268 1634 336 1700 οἷτιδ
362 1638 398 1701 δὲ
425 1646 553 1721 πατέρα
578 1636 735 1721 μέλαθρά
758 1661 792 1700 τε
817 1636 1023 1723 καταρρήξω.

192 1743 356 1817 Incipiente
380 1763 450 1801 vero
482 1744 647 1819 expergisci
672 1745 803 1802 Hercule
837 1754 965 1818 quantus
996 1752 1110 1818 patrem
1143 1742 1256 1800 invadit

81 1851 197 1912 metus!
245 1852 280 1906 cf.
306 1869 362 1907 vss.
393 1853 473 1907 1068
500 1864 605 1924 seqq:

268 1960 365 2043 φυγᾷ,
391 1961 488 2043 φυγᾷ,
513 1963 667 2041 γέροντες,
695 1954 827 2042 danapri
854 1954 1013 2038 δωμάτων

269 2061 411 2131 διώκετε,
436 2058 569 2144 φεύγετε
592 2057 718 2148 μάργον
743 2059 825 2145 δνδῤ
848 2059 1096 2149 ἐπεγειρόμενον

268 2164 357 2246 τάχα
383 2168 483 2252 φόνον
507 2173 616 2255 ἕτερον
639 2167 696 2232 ἐπὶ
719 2164 807 2255 φόνῳ
830 2167 945 2245 βαλων

269 2276 320 2340 α’ν’
347 2267 391 2341 αὖ
413 2272 586 2357 βακχεύσει
611 2274 785 2354 Καδμείων
808 2274 914 2339 πόλιν.

194 2385 273 2440 Ecce
309 2394 407 2442 tamen
444 2384 548 2441 miram
587 2383 663 2440 inter
697 2383 922 2458 Amphitryonis
947 2383 1198 2458 exspectationem
1224 2394 1253 2441 et

83 2508 187 2548 verum
213 2490 351 2547 Herculis
376 2491 415 2548 ad
439 2509 471 2548 se
495 2489 646 2547 redeuntis
670 2499 777 2547 statum
802 2488 1054 2565 discrepantiam!
1102 2489 1184 2562 Quid
1206 2490 1257 2564 igi-

82 2607 133 2654 tur
155 2596 216 2670 agit
249 2596 425 2655 furibundus
451 2597 502 2668 vir,
537 2615 635 2670 quem,
669 2615 706 2653 ne
740 2615 834 2653 novas
869 2607 1052 2672 perpetraret
1085 2597 1193 2654 caedes
1218 2597 1257 2654 ad

83 2702 258 2760 columnam
282 2702 463 2776 alligavere?
489 2735 530 2744 -·
554 2704 600 2760 Ne
624 2721 743 2776 surgere
768 2703 889 2777 quidem
913 2703 1009 2762 valet!

194 2810 228 2865 In
252 2808 297 2866 his
321 2819 381 2866 tam
406 2809 563 2867 manifeste
587 2818 729 2881 tantaque
753 2827 821 2866 cum
845 2810 981 2868 efficacia
1010 2811 1084 2868 inter
1109 2829 1140 2868 se
1164 2829 1257 2885 oppo-

83 2915 149 2972 sitis
174 2927 283 2973 certum
309 2925 417 2990 poetae
447 2916 604 2973 consilium
638 2933 702 2973 esse
735 2916 919 2973 cernendum
952 2917 1155 2991 unusquisque
1188 2937 1256 2974 con-

83 3021 202 3078 sentiet.
250 3024 349 3095 Atque
373 3022 476 3080 nescio
500 3021 650 3095 equidem,
676 3040 714 3078 an
738 3038 774 3079 ea
798 3032 897 3080 mente
922 3023 962 3080 ita
994 3042 1057 3080 rem
1089 3023 1255 3092 instituerit,

54 3191 57 3195 ,
83 3140 116 3185 ut
141 3127 225 3200 quasi
244 3140 409 3204 opponeret
428 3147 497 3186 suae
516 3128 726 3202 descriptionis
750 3128 904 3187 veritatem
930 3130 1009 3187 falsis
1032 3130 1146 3187 indocti
1163 3130 1257 3205 opini-

84 3232 204 3290 onibus.
253 3235 321 3291 Hoc
346 3245 424 3291 certe
449 3253 537 3292 nemo
563 3234 693 3307 negabit,
721 3235 945 3308 Amphitryonis
977 3236 1015 3293 de
1048 3236 1155 3292 sommi
1179 3235 1257 3293 exitu

85 3339 264 3397 coniecturis
295 3340 419 3397 mirifice
444 3340 544 3414 augeri
571 3340 708 3398 Herculis
733 3341 980 3415 expergiscentis,
1007 3361 1084 3416 quae
1115 3342 1256 3415 sequitur,

85 3446 295 3520 descriptionis
319 3447 379 3504 vim
404 3448 442 3504 ad
467 3467 566 3504 veram
592 3447 742 3511 institutae
765 3449 990 3523 naturalemque
1006 3449 1103 3505 morbi
1120 3450 1256 3506 formam.
1331 3499 1333 3502 .

193 3552 286 3610 Vides
311 3553 398 3628 igitur
422 3555 460 3611 ad
485 3554 514 3611 id
541 3554 642 3611 onmia
666 3555 723 3610 hac
746 3555 776 3610 in
802 3554 942 3612 dramatis
966 3566 1049 3630 parte
1074 3555 1256 3628 conspirare..

86 3670 117 3715 ut
141 3659 245 3716 suroris
270 3678 409 3734 expressa
432 3661 520 3717 nobis
544 3670 729 3734 proponatur
752 3660 862 3736 imago.
889 3694 931 3704 -

515 3854 829 3862 ——u

192 3997 328 4054 Transeo
352 3998 390 4055 ad
416 3999 537 4056 alteram
562 3999 779 4057 dissertationis
813 4009 937 4073 partem,
970 4015 1031 4071 qua
1062 3998 1100 4055 de
1125 3999 1197 4054 lone
1228 4006 1258 4054 et

86 4103 193 4160 Oreste
218 4121 282 4160 esse
306 4103 520 4178 disputandum
545 4123 634 4180 supra
658 4106 792 4180 exposui.
1279 4083 1283 4091 .

192 4210 292 4282 Atque
317 4209 431 4266 Orestis
456 4211 579 4284 quidem
604 4213 642 4269 ad
668 4213 814 4269 insaniam
840 4222 978 4285 quattuor
1002 4211 1151 4286 pertinent
1174 4211 1257 4268 sabu-

84 4316 149 4373 lae:
174 4316 315 4390 Aeschyli
339 4318 521 4375 Eumenides
546 4329 575 4376 et
598 4319 781 4394 Choephori,
807 4318 966 4392 Euripidis,
992 4336 1070 4391 <luae
1094 4317 1257 4375 inscribun-

84 4432 131 4478 tur
152 4410 298 4509 Ὀρέστης
321 4432 350 4480 et
374 4421 546 4505 Ἰφιγένεια
570 4423 590 4499 ἡ
615 4419 650 4487 ἓν
678 4422 834 4507 Ταύροις
860 4424 941 4483 Ionis
964 4442 1035 4484 vero
1059 4424 1180 4481 furentis
1197 4423 1258 4482 uni·

1236 4628 1404 4808 Ῥ
