2978 5122
717 276 938 348 -46.,-

242 465 389 554 χολώδεα
435 463 517 552 μήτε
554 463 799 551 φλεγματώδεα.
856 486 935 532 τοισι
960 478 1179 552 προσπίπτειν
1195 468 1343 552 μούνοισι
1361 457 1415 531 άλ-

243 611 286 620 -
308 611 348 620 -·
832 572 897 647 ,λά
922 589 1022 638 τοῖσιν
1047 571 1174 639 ἅπασιν
1198 576 1314 656 ὁμοίοις
1343 610 1378 617 -

349 702 495 759 Videmus
520 700 608 775 igitur
630 718 775 757 summam
809 701 914 757 horum
939 700 1080 758 librorum
1112 701 1336 758 similitudinem
1362 701 1414 767 ita,

243 822 274 868 ut
297 820 348 867 aut
371 809 409 866 ab
434 808 542 866 eodem
566 807 691 881 scriptus
715 807 752 864 sit
776 817 900 882 uterque
923 807 999 864 liber
1021 819 1071 864 aut
1088 826 1123 864 ex
1147 808 1239 865 altero
1265 808 1338 864 alter
1361 826 1417 863 sua

244 917 429 974 adverbum
462 914 627 989 sumpserit.
673 915 738 988 Jam
772 933 843 972 vero
868 915 1010 983 Galenus
1036 914 1060 971 si
1094 923 1197 971 auctor
1221 925 1265 971 est
1296 913 1415 980 scholii,

244 1025 321 1081 hanc
344 1021 568 1079 similitudinem
591 1039 630 1077 ne
654 1020 862 1079 animadvertit
887 1021 1018 1095 quidem.
1068 1020 1177 1078 Scribit
1200 1021 1280 1078 enim
1304 1018 1415 1081 Ἱππο-

244 1127 380 1210 κράτους
402 1119 464 1211 γάρ
489 1125 577 1189 δοκεῖ
599 1123 692 1189 οὐδὲν
709 1120 794 1207 ἔχειν
818 1123 891 1190 οὔτε
914 1119 1000 1188 κατά
1025 1124 1082 1188 τδν
1098 1125 1220 1211 τρόπον
1243 1123 1299 1206 τῆς
1323 1128 1415 1208 ἑρμη-

244 1243 334 1309 νείας
359 1229 433 1296 οὔτε
456 1229 540 1295 κατά
565 1231 602 1294 cd
627 1232 758 1317 ἀκριβὲς
784 1229 840 1316 τῆς
857 1232 1015 1307 διανοίας.
1048 1234 1140 1309 Igitur
1155 1234 1239 1290 locos
1269 1234 1335 1289 illos
1354 1251 1417 1289 uon

243 1341 339 1418 potuit
362 1339 478 1415 legisse.
518 1338 609 1411 Atqui
631 1337 713 1395 novit
736 1351 816 1397 certe
834 1340 967 1396 Galenus
990 1339 1097 1396 librum
1123 1339 1161 1397 de
1186 1340 1292 1395 morbo
1319 1357 1416 1407 sacr0,
1465 1345 1467 1348 ’

244 1457 273 1504 et
289 1447 314 1503 si
330 1445 470 1502 voluisset
494 1444 623 1518 spuriam
640 1444 769 1518 probare
785 1445 879 1502 libelli
902 1444 1058 1520 originem,
1077 1445 1183 1502 eadem
1209 1455 1299 1519 atque
1316 1444 1415 1519 ipsum

247 1551 458 1610 Ermerinsium
481 1550 528 1608 via
552 1551 718 1624 probasset,
738 1569 826 1624 quem
851 1550 960 1608 scimus
984 1551 1022 1609 de
1046 1551 1152 1625 spuriis
1175 1550 1258 1608 libris
1282 1569 1344 1607 non
1368 1570 1415 1606 so-

244 1659 305 1716 lum
328 1657 472 1714 iudicium
497 1657 573 1714 ferre
595 1657 674 1714 velut
705 1656 743 1714 de
766 1657 894 1732 tripode,
928 1657 980 1714 sed
1006 1657 1172 1715 accuratius
1205 1657 1324 1713 solitum
1349 1675 1418 1714 esse

244 1763 395 1839 inquirere
426 1763 456 1819 in
490 1761 634 1837 originem
660 1779 761 1820 eorum
798 1763 984 1837 scriptorum,
1017 1778 1096 1836 quae
1129 1762 1352 1820 abiudicaverat
1376 1764 1417 1819 ab

245 1870 440 1945 Hippocrate.
489 1868 579 1926 Cuius
603 1869 644 1925 rei
669 1867 785 1943 insigne
809 1869 953 1926 habemus
978 1869 1179 1926 testimonium
1194 1863 1230 1950 ¹).
1270 1870 1317 1925 lle
1342 1868 1418 1943 Hip-

245 1976 409 2052 pocratic0,
436 1983 509 2059 napi
532 1973 657 2038 οἷδένιον
681 1963 967 2057 οδλομελίηςῚίυτο
992 1975 1032 2032 ita
1056 1975 1174 2033 disserit
1192 1975 1338 2032 Galenus:
1366 1967 1417 2052 (cf.

246 2084 365 2140 Kuehn.
390 2083 502 2138 XVIII.
528 2082 550 2139 I.
575 2100 615 2155 pg
651 2080 727 2156 379)
750 2075 809 2162 τήν
842 2079 1016 2164 ὁλόκληρον
1046 2074 1139 2160 φύσιν
1171 2080 1226 2162 τῆς
1249 2077 1313 2143 τοῖν
1344 2078 1418 2141 οἶδέ-

247 2213 311 2252 νιον
342 2185 464 2268 φύσεως
498 2185 688 2269 οδλομιλλην
711 2189 843 2271 εἴρηκεν,
875 2185 939 2261 (scl.
966 2181 1180 2268 Hippocrates)
1206 2178 1246 2267 ἢν
1277 2188 1419 2269 ἑτέρωθι

247 2292 414 2357 διδάσκιιν
438 2291 660 2375 ἐπηγγείλατο.
687 2282 726 2356 οδ
748 2287 814 2374 μήν
841 2291 1041 2366 διασώζεταί
1059 2317 1096 2372 γε
1120 2289 1265 2356 τοιοῦτον
1287 2292 1422 2368 βιβλίον

243 2393 481 2486 Ἱπποκράτους
505 2406 578 2483 περὶ
602 2394 731 2461 άδένων
754 2388 941 2481 οδλομιλίης
973 2393 1060 2460 α’λλά
1088 2423 1135 2474 τις
1164 2401 1230 2461 τοῖν
1254 2406 1423 2483 νιιοτίρων

245 2504 480 2591 Ἱπποκράτους
496 2499 623 2590 ἔγραψε
638 2503 756 2588 μικρδν
771 2504 942 2581 βιβλίδιον,
960 2499 1162 2591 ἐπιγράψας,
1180 2503 1423 2589 Ἱπποκράτους

248 2621 321 2699 περὶ
346 2601 474 2674 άδένοιν
497 2606 716 2694 adimittur«,
742 2606 762 2672 δ’
785 2617 841 2673 καὶ
865 2607 904 2705 τῇ
934 2612 1018 2684 λέξοι
1042 2619 1097 2674 καὶ
1128 2612 1168 2706 τῇ
1192 2610 1324 2698 διανοίᾳ
1358 2609 1422 2672 λεί·

247 2742 347 2782 πεται
371 2714 534 2796 πάμπολυ
558 2721 624 2780 τῶν
646 2727 784 2802 γνησίων
808 2714 1043 2802 Ἱπποκράτους
1068 2716 1337 2802 συγγραμμάτων.

355 2826 466 2898 Quare,
485 2824 539 2883 etsi
563 2844 625 2882 non
642 2825 735 2900 liquet
759 2825 840 2895 mihi,
860 2820 938 2882 unde
962 2835 1057 2882 ortum
1075 2824 1111 2882 sit
1136 2835 1165 2881 et
1182 2824 1337 2898 quomodo
1360 2825 1422 2881 huc

221 2974 224 2980 -
246 2931 399 2990 devenerit
416 2931 562 3000 scholion,
581 2942 681 2989 tamen
697 2951 760 2989 non
782 2950 903 3007 possum
927 2931 999 3005 quin
1016 2931 1153 2988 diffetear
1170 2929 1232 2987 eius
1249 2932 1422 2990 auctoritati

247 3056 313 3094 cum
338 3037 456 3095 Dietzio
481 3049 509 3095 et
532 3038 653 3098 Littreo
1162 3099 1164 3104 ,

324 3165 327 3169 ’
369 3144 475 3218 Neque
499 3153 596 3202 autem
622 3142 771 3217 acquievit
793 3144 941 3202 Ermerius
963 3143 992 3200 in
1018 3144 1125 3201 scholii
1149 3143 1338 3213 testimonio,
1364 3147 1423 3204 sed

248 3251 321 3308 alias
345 3250 491 3323 quaesivit
505 3249 629 3306 rationis
654 3248 693 3305 ad
709 3248 942 3322 impugnandam
967 3252 1128 3326 genuinam
1152 3250 1245 3307 libelli
1271 3250 1422 3325 originem

248 3357 382 3414 idoneas.

354 3465 454 3537 Atque
484 3462 610 3538 primum
640 3463 779 3539 displicet
811 3462 873 3521 viro
898 3463 1072 3521 doctissimo
1103 3465 1220 3524 indoles
1245 3464 1436 3540 sophistica,¹

249 3589 339 3644 quam
363 3569 587 3643 deprehendere
611 3571 668 3627 sibi
692 3571 771 3628 visus
788 3580 831 3628 est
855 3571 884 3626 in
909 3588 944 3626 ea
960 3569 1026 3627 libri
1051 3582 1144 3646 parte,
1162 3591 1237 3647 quae
1261 3581 1305 3629 est
1320 3571 1422 3646 primo

249 3676 279 3732 in
296 3676 395 3750 capite
412 3676 482 3732 inde
506 3695 523 3733 a
546 3676 644 3734 verbis
669 3685 773 3738 καίτοι
798 3671 902 3757 ἔμοιγε
928 3708 969 3717 -
995 3668 1042 3758 (L.
1067 3679 1120 3735 VI.
1146 3697 1195 3753 pg.
1222 3673 1300 3759 358)
1324 3696 1422 3752 usque

250 3782 287 3839 ad
312 3792 475 3839 extremum
501 3792 590 3856 caput
616 3784 667 3841 IV.
708 3781 883 3849 Exscriberc
906 3783 1027 3857 expedit
1047 3784 1200 3855 nonnulla,
1218 3803 1296 3858 quae
1320 3785 1423 3859 sophi·

249 3898 324 3944 stam
349 3888 479 3962 produnt
495 3889 692 3946 Ermeriusio:
719 3888 757 3945 de
781 3889 876 3947 morb.
902 3908 988 3946 sacro
1013 3889 1033 3965 ξ
1058 3892 1079 3949 Ι.
1121 3890 1167 3966 (L.
1193 3892 1245 3949 Vl.
1263 3910 1312 3965 pg.
1339 3894 1423 3974 358)

248 3994 373 4069 legimus
396 3995 489 4054 haec:

250 4205 568 4215 ———---—--———.-

359 4343 377 4411 ¹)
395 4346 428 4397 cf.
458 4347 595 4397 Broecker:
626 4348 691 4398 »Die
717 4349 839 4400 Methode
868 4349 963 4400 Galens
989 4348 1014 4398 in
1040 4350 1084 4399 der
1108 4348 1278 4400 ltterarischen
1305 4350 1421 4404 Kritikn

250 4451 312 4490 mus.
331 4435 413 4485 Rheu.
434 4449 479 4501 40.
499 4453 543 4502 pg.
563 4451 624 4501 430.
