2978 5122
635 298 834 357 ..9..

150 469 268 531 rantes?
314 471 395 532 Hinc
419 471 499 546 satis,
525 484 607 550 puto,
630 474 757 575 patebit,
792 472 934 534 dramatis
966 473 1116 534 actionem
1147 477 1226 534 certe
1257 492 1320 533 non

152 579 285 653 flagitare
310 581 351 639 alt
340 591 433 639 terum
459 561 540 639 illum
565 583 732 657 prologum.
780 584 845 641 Iure
869 581 958 657 igitur
981 581 1158 656 quaerimus
1184 601 1235 640 cur
1258 592 1320 639 tan·

152 685 220 743 dem
239 687 316 744 hanc
333 707 473 745 scaenam
490 689 653 747 inseruerit.
692 689 785 761 Quod
811 690 902 747 altera
926 693 983 746 tort
972 697 1048 747 tasse
1073 689 1210 746 ostendet
1234 707 1321 762 quae·

151 792 256 849 stionis
280 812 358 866 pam,
384 812 444 867 qua
468 794 506 852 de
531 794 624 852 divini
648 795 760 852 arbitrii
784 796 864 870 apud
889 795 1062 870 Euripidem
1087 804 1114 852 et
1139 794 1321 869 Sophoclem

152 909 300 972 potestate
324 899 530 957 disserendum
555 912 608 959 est.
657 904 703 958 De
727 921 788 975 quo
813 920 892 958 nunc
915 901 1092 960 videbimus.

259 1026 358 1097 Atque
389 1024 419 1080 in
444 1026 595 1100 Sophocle
624 1025 745 1099 quidem
763 1025 855 1090 ¹inter
879 1026 1044 1084 Minervam
1078 1035 1107 1082 et
1130 1023 1253 1081 Aiacem
1286 1042 1341 1096 ea

153 1129 224 1186 mihi
249 1129 364 1188 videtur
389 1130 463 1188 ratio
488 1131 682 1201 intercedere,
708 1142 738 1189 ut
762 1131 864 1190 divina
881 1143 909 1189 et
925 1133 1055 1190 humana
1072 1131 1198 1188 consilia
1220 1128 1323 1186 intima'

152 1236 283 1309 quadam
308 1237 485 1294 necessitate
510 1238 568 1296 sint
592 1237 702 1295 iuncta.
750 1239 889 1296 Nascitur
912 1239 991 1296 enim
1009 1237 1111 1296 Aiacis
1128 1236 1244 1295 insania
1260 1254 1322 1292 non

152 1341 249 1399 minus
273 1362 308 1400 ex
333 1343 424 1418 ipsius
449 1344 556 1402 mentis
580 1354 657 1402 statu
681 1363 771 1419 quam
795 1364 831 1402 ex
855 1345 1009 1403 Minervae
1033 1345 1194 1413 voluntate,
1228 1342 1269 1399 ita
1292 1350 1323 1398 ut

153 1450 248 1505 neutri
281 1450 357 1525 parti
390 1462 443 1526 per
468 1471 499 1508 se
523 1452 639 1526 positae
663 1451 809 1526 originem
844 1452 933 1510 liceat
955 1451 1120 1525 ascribere;
1146 1450 1239 1508 adeo·
1256 1457 1324 1505 sunt

153 1556 323 1631 implicatae
349 1558 499 1634 utriusque
523 1559 637 1633 agentis
662 1559 691 1615 in
716 1559 876 1617 efficienda
900 1558 1070 1615 calamitate
1087 1566 1195 1632 partes,
1213 1567 1244 1613 ut
1261 1554 1322 1611 iure

152 1663 285 1730 haercaS,
310 1663 400 1721 utrius
425 1666 575 1740 putandae
600 1665 658 1722 sint
692 1665 813 1740 priores
861 1666 938 1722 Nam
973 1664 1026 1723 etsi
1060 1662 1157 1721 obiter
1192 1661 1322 1718 fabulam

153 1770 333 1843 percurrenti
358 1770 489 1829 eminere
513 1771 662 1830 videbitur
686 1790 757 1845 prae
780 1771 874 1828 Aiace
899 1771 974 1828 (leae
999 1781 1141 1845 potestas
1159 1779 1258 1825 tamen
1283 1767 1324 1824 ita

153 1876 318 1950 Sophocles
342 1878 463 1935 furentis
487 1878 588 1935 Aiacis
613 1877 756 1952 expressit
779 1877 951 1952 imaginem,
976 1887 1016 1944 ut,
1052 1876 1135 1949 quod
1166 1875 1203 1932 ad
1236 1873 1323 1949 origi·

153 2000 221 2038 nem
246 1982 349 2040 attinet
374 1983 517 2053 insaniae,
542 1983 627 2059 paria
651 1985 711 2041 fere
736 1983 867 2040 habeant
892 1993 1045 2041 momenta
1070 1981 1224 2059 Minervae
1248 1981 1324 2037 deae

153 2087 308 2144 inimicitia
320 2098 409 2162 atque
420 2088 522 2146 Aiacis
535 2089 710 2163 sanguinem
724 2088 849 2147 sitientis
862 2089 954 2146 animi
967 2100 1068 2148 status
1087 2091 1231 2163 Apertum
1244 2086 1324 2143 enim

153 2204 198 2251 est
214 2212 312 2268 neque
330 2194 453 2252 Aiacem
471 2193 527 2251 nisi
545 2194 713 2252 vehementi
730 2206 833 2270 captus
852 2195 895 2253 ira
912 2197 1098 2273 Achaeonrm
1122 2194 1246 2251 caedem
1263 2211 1324 2249 mo·

152 2298 220 2356 litus
234 2312 319 2368 esset,
334 2300 363 2357 in
378 2299 525 2358 insaniam
541 2301 630 2358 fuisse
643 2301 838 2371 incursurum,
852 2321 961 2376 neque,
976 2302 1032 2359 nisi
1046 2301 1182 2358 Minerva
1194 2307 1324 2356 mentem

153 2405 216 2463 eius
240 2407 394 2475 turbasset,
409 2408 536 2464 futurum
553 2407 651 2475 fuisse,
665 2417 697 2464 ut
709 2408 846 2465 insanum
862 2407 912 2465 ille
924 2418 1107 2483 perpetraret
1119 2406 1243 2463 facinus.
1269 2403 1323 2460 Mi·

153 2531 217 2569 rum
242 2512 329 2588 igitur
353 2512 382 2569 in
407 2514 529 2571 modum
553 2513 728 2571 consociata
751 2524 818 2570 sunt
837 2533 873 2570 ac
891 2515 969 2571 velut
987 2523 1087 2571 mutua
1104 2512 1181 2570 inter
1196 2530 1228 2568 se
1244 2510 1324 2566 iunc-

154 2629 185 2675 ta
202 2618 317 2676 ratione
334 2618 436 2677 divina
452 2620 618 2678 moderatio
635 2630 664 2677 et
677 2620 808 2677 humana
821 2639 916 2677 rerum
931 2619 1082 2691 condicio,
1097 2636 1221 2692 quarum
1234 2617 1325 2673 altera

154 2724 193 2783 ad
217 2726 337 2783 alteram
362 2745 394 2783 se
418 2727 594 2787 conformat.
642 2727 753 2783 Verum
787 2736 897 2795 tamen,
931 2743 1114 2799 quamquam
1145 2724 1187 2781 ita
1210 2722 1322 2796 Sopho·

156 2833 217 2888 cles
240 2851 302 2889 rem
328 2831 462 2901 instituit,
488 2842 519 2890 ut
543 2833 629 2902 Aiax,
655 2843 815 2906 antequam
841 2832 995 2900 Minervae
1019 2850 1112 2906 opera
1134 2831 1231 2887 surore
1264 2828 1325 2884 alfi-

155 2937 259 3003 ciatur,
284 2937 313 2994 in
338 2958 373 2996 ea
396 2938 433 2995 sit
457 2957 552 2996 rerum
577 2938 700 3007 ratione,
726 2956 786 3012 qua
811 2956 910 3012 perse
927 2937 1064 2995 invitetur
1081 2935 1206 3008 insania,
1224 2944 1324 2991 tamen

155 3043 285 3128 dubitari
308 3044 421 3118 nequit,
447 3045 518 3118 quin
551 3045 649 3102 valeat
673 3044 832 3118 vigeatque
857 3045 938 3119 apud
963 3044 1145 3118 Sophoclem
1169 3051 1251 3099 vetus
1274 3040 1326 3096 illa

156 3151 195 3208 de
218 3149 320 3207 divina
344 3148 478 3206 insaniae
502 3149 617 3223 origine
641 3149 754 3224 opinio.
803 3152 892 3207 Hanc
917 3149 1025 3224 insigni
1049 3158 1172 3207 testatur
1188 3146 1326 3220 exemplo

156 3255 258 3314 Aiacis
281 3265 349 3331 post
376 3256 503 3313 solutam
527 3255 673 3313 insaniam
698 3256 736 3313 de
759 3256 929 3314 calamitate
954 3255 1105 3312 iudicium.
1147 3253 1229 3326 Quid
1246 3251 1325 3310 enim

156 3373 211 3435 est,
236 3381 297 3436 quo
321 3361 448 3420 maxime
472 3362 619 3419 cruciatur
643 3362 750 3420 mentis
774 3382 899 3437 compos
924 3361 1037 3419 sactus?
1073 3364 1121 3418 An
1145 3360 1226 3435 quod
1251 3360 1326 3415 furo-

156 3490 189 3528 re
214 3479 366 3543 correptus
391 3452 539 3543 pecudum
563 3467 659 3526 edidit
682 3467 831 3542 stragem?
878 3467 1003 3526 Minime
1020 3467 1049 3525 id
1067 3463 1205 3540 quidem!
1246 3467 1326 3521 Bene

157 3575 237 3632 enim
263 3574 327 3643 scit,
352 3586 413 3632 non
438 3574 495 3632 sibi
519 3574 573 3632 sed
598 3573 752 3631 Minervae
776 3574 899 3631 auctrici
924 3575 981 3630 hoc
1005 3573 1119 3630 facinus
1144 3591 1208 3629 esse
1239 3571 1326 3628 ascri·

157 3681 301 3739 bendum.
339 3681 399 3738 Sed
424 3680 494 3738 inde
518 3698 622 3736 omnes
647 3679 780 3738 oriuntur
803 3680 909 3737 mentis
933 3679 1079 3737 cruciatus
1103 3689 1140 3747 et,
1158 3678 1241 3751 quod
1258 3678 1326 3734 ellu-

156 3796 266 3862 gerunt
288 3787 411 3844 caedem
437 3796 520 3842 tanta
544 3804 611 3842 cum
635 3785 791 3860 diligentia
814 3797 1018 3860 praeparatam
1036 3785 1226 3842 Achaeorum
1250 3781 1325 3857 prin·

161 3893 255 3968 cipeS,
280 3903 318 3961 et,
341 3892 422 3966 quod
447 3892 536 3948 risum
562 3891 654 3949 movit
677 3891 992 3966 contemptionemque
1016 3889 1203 3947 inimicorum
1226 3888 1329 3945 divino

159 3999 282 4056 arbitrio
307 3999 346 4056 ad
370 3998 482 4055 irritum
506 3998 638 4064 redacto,
656 3998 738 4072 quod
755 3997 814 4054 iam
830 3999 987 4055 effecturus
1004 4007 1075 4063 erat,
1094 3994 1230 4052 consilio,
1270 3994 1327 4051 Ne-

159 4124 218 4180 que
243 4093 341 4162 aliam¹
356 4105 396 4162 ob
420 4123 541 4162 causam
566 4123 687 4161 manum
711 4103 769 4161 sibi
793 4105 886 4171 affert,
912 4123 1002 4177 quam
1027 4104 1109 4177 quod
1133 4103 1257 4159 deorum
1281 4119 1327 4158 ex·
1357 4172 1360 4178 Ι

160 4222 260 4286 pertus
283 4220 327 4269 est
351 4210 502 4268 invidiam.
552 4210 661 4267 Animo
686 4209 766 4268 enim
790 4228 890 4267 secum
914 4220 1064 4284 reputans,
1083 4219 1178 4266 utrum
1203 4211 1328 4265 mortem

159 4317 218 4375 sibi
241 4317 429 4376 consciscere
452 4327 581 4394 praestet
605 4336 644 4375 an
667 4317 757 4375 vitam
782 4316 954 4394 perducere,
979 4316 1054 4374 haec
1087 4314 1177 4374 dicit:
1204 4316 1239 4371 cf.
1269 4333 1326 4372 vss

160 4440 221 4502 457
249 4442 334 4500 seqq·
