2978 5122
675 262 894 325 ,ιω-υ

306 445 394 522 Quae
417 463 485 505 cum
509 445 551 505 ita
574 444 642 516 sint,
660 442 691 504 in
715 463 752 506 eo
769 440 928 520 peculiaris
945 441 1086 519 Aeschyli
1110 439 1141 502 in
1164 434 1366 503 describenda

202 542 314 612 insania
336 554 412 613 ratio
436 564 480 612 est
503 554 670 623 cernenda,
695 553 777 627 quod
802 561 920 627 separat
953 550 991 609 ab
1016 550 1082 634 ipsa
1105 549 1279 610 insanientis
1303 568 1366 625 per-

192 669 273 717 sona
288 660 421 737 corporis
437 661 605 735 mentisque
620 662 742 721 affectus
759 670 787 719 et
816 657 943 720 externis
968 657 1149 734 quibusdam
1174 655 1364 719 adminiculis

184 758 347 827 describit.
1081 769 1084 773 ’

304 876 393 933 Hanc
410 884 507 933 autern
527 874 672 936 rationem
689 892 787 949 neque
803 891 874 931 casu
896 882 1004 948 poetae
1021 881 1122 929 nostro
1137 888 1205 929 ,esse
1221 868 1363 942 oblatam,

166 985 242 1032 nec
272 1000 345 1039 vero
370 982 563 1040 deliberatam
588 981 708 1039 demum
737 991 786 1039 aut
808 979 966 1054 diligenter
989 995 1175 1054 perpensam,
1193 986 1300 1052 sponte
1324 975 1366 1033 in·

161 1078 343 1160 telligitur.
392 1091 488 1146 Immo
522 1088 691 1146 necessario
722 1086 962 1162 consequebatur
992 1105 1028 1143 ex
1058 1084 1194 1142 universa
1224 1082 1365 1157 Aeschyli

155 1177 307 1259 ingenii
323 1207 428 1252 natura
451 1205 480 1252 et
497 1194 642 1252 artissime
666 1212 732 1251 cum
751 1193 871 1268 propria
896 1192 959 1250 eius
975 1190 1123 1250 sentiendi
1147 1189 1365 1248 consuetudine

152 1291 342 1358 COhaeret.
363 1301 424 1374 Qui
434 1320 501 1358 curn
511 1302 612 1358 onmia
622 1301 700 1358 vitae
713 1301 861 1358 humanae
880 1298 1167 1374 ’phaenomenae
1184 1297 1223 1354 ad
1231 1295 1364 1354 divinum

151 1394 347 1464 arbitrium
372 1417 534 1475 revocaret,
560 1417 621 1463 tum
646 1407 752 1464 mentis
777 1407 923 1463 alienatae
952 1406 1074 1462 affectus
1107 1402 1262 1460 numinum
1292 1420 1364 1477 quo·

151 1511 319 1570 fundam
343 1514 511 1571 divinornm
536 1513 594 1570 vim
628 1513 684 1570 sibi
718 1514 866 1571 statuebat
890 1511 1090 1569 manifestare.
1138 1509 1292 1582 Quocirca
1323 1508 1365 1566 ita

154 1598 318 1677 inStituit
342 1620 475 1678 insaniae
499 1620 741 1695 descriptionem,
768 1630 797 1677 ut
821 1637 882 1676 non
915 1637 951 1676 ex
975 1616 1129 1674 hominum
1158 1624 1257 1674 mente
1280 1624 1363 1672 natu-

158 1714 294 1782 raliter
317 1726 473 1801 proveniat
490 1727 543 1783 sed
566 1727 748 1784 extrinsecus
769 1724 863 1800 magis
887 1724 1010 1782 invadat
1026 1723 1172 1781 homines.
1213 1725 1258 1780 lta
1273 1721 1364 1797 plane

161 1808 394 1907 intelligimus,
420 1851 472 1890 cur
496 1833 587 1908 ipsius
612 1833 709 1891 verbis
733 1843 763 1890 et
786 1835 818 1889 lo
843 1843 871 1890 et
890 1832 1011 1889 Orestes
1035 1829 1142 1887 mentis
1166 1829 1283 1886 insania
1306 1840 1363 1887 tur·

166 1915 283 1996 barae
306 1957 377 1996 suae
408 1950 515 1996 statum
541 1939 684 2014 depingat
716 1957 814 2014 neque
848 1938 974 2012 amplius
999 1936 1179 2004 mirabimur,
1216 1933 1298 2008 quod
1333 1933 1362 1990 in

167 2020 409 2102 Eumenidibus
433 2045 539 2103 Furiae
563 2056 653 2102 totam
678 2056 769 2119 agunt
792 2043 949 2102 insaniam.
977 2075 1016 2084 —-

300 2153 398 2226 Atque
428 2151 467 2208 de
499 2152 649 2225 Aeschylo
680 2152 832 2208 hactenus
881 2152 981 2207 Pauca
1009 2168 1089 2206 nunc
1121 2148 1160 2207 de
1184 2150 1291 2207 Oreste
1323 2148 1362 2206 ab

169 2231 334 2331 Euripide
358 2257 508 2332 descripto
532 2259 719 2316 disseremus
754 2292 787 2299 -—

298 2363 431 2438 Negasse
456 2363 512 2420 sibi
530 2364 703 2438 Euripidem
720 2365 810 2422 talem
831 2363 966 2421 insaniae
982 2361 1224 2436 descriptionem,
1242 2362 1361 2436 qualem

170 2453 357 2542 Aeschylus
375 2469 463 2526 nobis
487 2470 593 2536 obfert,
610 2489 677 2526 cum
702 2489 738 2528 ex
760 2470 805 2536 iis,
824 2488 901 2544 quae
925 2470 1023 2544 priore
1039 2468 1255 2528 dissertationis
1278 2478 1361 2544 parte

171 2562 229 2632 (le
254 2575 394 2632 Herculis
427 2576 524 2633 surore
548 2556 749 2651 exposuimus
783 2577 813 2634 in
844 2587 983 2651 promptu
1016 2586 1060 2634 est
1084 2575 1263 2645 ratiocinari,
1299 2587 1359 2634 tum

172 2683 243 2743 Der
275 2700 307 2739 se
330 2693 420 2756 patet.
469 2683 585 2757 Nempe
614 2683 778 2758 intelleges
802 2683 891 2740 nimis
923 2693 1016 2740 totam
1041 2682 1182 2756 Aeschyli
1214 2683 1360 2741 rationem

173 2797 257 2846 Qum
284 2788 426 2862 peculiari
451 2789 512 2846 eius
537 2788 648 2862 ingenii
672 2800 778 2847 natura
801 2807 866 2846 esse
889 2771 1015 2857 nexam,
1041 2806 1132 2862 quam
1157 2806 1234 2862 quae
1258 2809 1360 2865 exspe-

174 2896 262 2954 Ctari
282 2894 375 2969 possit
399 2895 436 2951 ab
454 2894 597 2968 Euripide
621 2895 659 2952 ab
677 2895 758 2952 omni
775 2895 982 2952 miraculorum
999 2894 1142 2969 opinione
1166 2894 1358 2956 alienissimo

213 3030 220 3037 -
299 3003 397 3075 Atque
420 3019 536 3058 summa
566 3001 687 3076 quidem
709 3002 798 3058 totius
830 3002 905 3059 inter
928 3002 1108 3075 Aeschylum
1135 3012 1164 3060 et
1187 3001 1360 3077 Euripidem

178 3105 377 3166 differentiae
401 3126 437 3164 ea
468 3107 541 3164 mihi
565 3127 629 3165 esse
660 3108 784 3175 videtur,
811 3109 892 3182 quod
924 3127 1024 3166 veram
1048 3108 1238 3166 hiccurans
1263 3109 1359 3168 morbi

182 3213 423 3288 descriptionem
448 3215 478 3271 in
502 3216 568 3290 ipsa
593 3215 706 3273 Orestis
731 3234 860 3291 persona
883 3215 1017 3273 insaniae
1042 3216 1180 3274 affectum
1205 3214 1313 3291 posuit.

299 3313 395 3394 Furiis
419 3338 506 3412 igitur
529 3357 595 3395 eunt
621 3339 792 3414 assignabat
816 3340 924 3407 locum,
950 3357 1038 3412 quern
1064 3358 1152 3396 unum
1178 3339 1209 3396 in
1231 3341 1359 3399 naturali

191 3444 288 3502 morbi
311 3443 489 3501 tractatione
512 3456 649 3518 poterant
673 3455 791 3503 tenere:
817 3456 958 3518 tanquam
980 3463 1073 3502 vanae
1089 3445 1234 3520 imagines
1258 3466 1359 3522 aegro·

191 3559 303 3608 tantem
328 3559 436 3607 terrent
462 3552 607 3608 Orestem.
650 3551 743 3623 Quod
767 3551 886 3625 egregie
909 3551 1044 3626 depingit
1067 3561 1157 3626 poeta
1180 3553 1244 3626 Iph.
1267 3555 1357 3612 Taur.

193 3657 324 3714 versibus
345 3674 416 3729 ,273¹
437 3675 521 3730 seqq.
562 3656 733 3730 Repentino
750 3657 883 3714 insaniae
899 3657 1010 3732 impetu
1027 3657 1202 3732 opprimitur
1218 3659 1357 3731 Orestes;

194 3763 320 3820 aFuria
345 3762 402 3818 sibi
432 3762 547 3819 videtur
571 3762 694 3836 agitari3
721 3782 810 3837 quam
844 3762 989 3838 expressis
1013 3763 1111 3822 verbis
1144 3777 1245 3823 monet
1270 3777 1358 3840 poeta

194 3869 380 3943 perturbatae
415 3868 528 3925 Orestis
561 3869 668 3925 mentis
701 3887 766 3927 esse
798 3869 973 3943 imaginem,
1006 3888 1072 3949 cum
1106 3870 1255 3928 dicentem
1289 3871 1359 3933 facit

193 3975 325 4032 nuntium
350 3992 406 4030 vss
435 3977 493 4046 283
520 3990 624 4048 seqq:

825 4085 935 4162 παρῆν
959 4080 985 4143 d’
1011 4078 1093 4166 ὁρᾶν

351 4182 390 4246 ori
412 4183 519 4247 varied
543 4190 667 4271 μοραῆς
690 4184 837 4267 σχήματ’,
864 4185 1092 4268 ἄλλ’ἠλοὶσσετο

351 4290 500 4370 φθογγάς
526 4316 559 4354 ra
583 4286 713 4372 μόσχων
737 4300 792 4354 καὶ
815 4296 921 4356 κυνῶν
944 4287 1129 4374 ὑλάγματα,

351 4389 391 4472 ὃς
414 4396 488 4479 ‹pdu'
513 4399 634 4482 Ἐρινῦς
658 4401 742 4461 ἱέναι
766 4392 950 4481 μυκήματα.
