2978 5122
719 280 939 338 ,44-

247 452 303 524 οὐκ
327 452 414 524 ἔστιν
443 455 523 523 ἄλλο
547 452 718 545 πρόβατον
747 458 845 525 οὐδὲν
867 455 889 542 ἢ
910 457 986 537 βόες
1009 465 1064 524 καὶ
1095 457 1184 537 αἶγες
1209 495 1251 504 -
1275 493 1317 504 -··
1340 492 1387 504 -
1412 507 1418 520 .

245 560 422 646 ἐχρήσαντο
445 576 501 630 καὶ
525 564 620 629 ἄλλοι
643 563 742 641 οὕτως
766 569 832 630 τῶν
854 564 1010 630 παλαιάν
1034 570 1074 662 τῇ
1099 565 1263 663 φωνῇ,(τῖ.
1294 567 1417 625 Kuehn.

245 673 357 731 XVIII.
382 677 405 733 Ι,
430 694 480 749 pg.
507 671 596 755 356.)

351 779 445 838 Vides
456 780 553 856 igitur,
564 781 647 838 nullo
658 782 726 839 loco
736 781 853 839 disertis
866 782 964 839 verbis
976 781 1085 839 ascribi
1094 781 1273 856 Hippocrati
1282 781 1418 838 libellum

246 885 284 943 de
308 887 414 944 morbo
436 906 522 944 sacro
545 898 595 944 aut
611 888 712 961 negari
736 900 888 946 auctorem
913 906 978 946 esse
1002 888 1153 946 medicum
1170 887 1418 947 celeberrimum:

245 992 299 1050 sed
315 993 467 1052 dubitasse
485 994 633 1051 Galerium
650 995 688 1052 de
704 994 836 1070 genuina
852 994 977 1068 origine,
1003 994 1074 1052 inde
1098 996 1225 1052 fortasse
1248 994 1417 1068 suspiceris

245 1100 327 1173 quod
348 1100 497 1174 passivum
520 1119 639 1174 semper
673 1100 804 1170 adhibet,
839 1101 919 1159 velut
943 1094 1132 1181 δεδήλωται,
1155 1108 1341 1185 γέγραπται
1369 1133 1417 1158 -.

352 1207 479 1265 Accedit
503 1207 650 1276 scholion,
675 1207 812 1283 quodin
836 1206 992 1265 codicibus
1016 1217 1045 1264 et
1069 1207 1251 1266 editionibus
1272 1208 1362 1281 vulgo
1380 1207 1418 1264 le-

245 1311 325 1386 gitur
348 1314 387 1370 ad
410 1314 489 1370 hunc
513 1314 621 1371 librum
646 1315 832 1382 adnotatum,
858 1314 940 1371 cuius
964 1315 1039 1371 haec
1063 1323 1131 1371 sunt
1163 1314 1270 1372 verba:
1304 1314 1355 1389 (cs.
1383 1315 1417 1371 L.

245 1419 299 1475 Vl·
326 1438 375 1494 pg.
403 1414 478 1500 352)
503 1419 540 1484 ori
568 1418 701 1500 γνήσιον
724 1413 960 1504 Ἱπποκράτους
983 1421 1080 1481 τοῦτο
1104 1419 1189 1499 λέγει
1219 1413 1237 1480 ὁ
1262 1423 1291 1479 Γ
1289 1413 1419 1501 άληνος,

245 1512 415 1603 άξιολόγου
440 1524 478 1588 δέ
499 1550 585 1601 τινος
610 1519 730 1612 άνόρός
761 1535 817 1590 καὶ
851 1525 936 1588 κατά
969 1518 1028 1607 τήν
1060 1527 1234 1610 ἑρμηνείαν
1266 1534 1323 1588 καὶ
1356 1519 1419 1608 τήν

245 1627 408 1693 διάνοιαν.
455 1627 692 1718 Ἱπποκράτους·
715 1630 776 1717 γάρ
802 1629 889 1694 δοκοῖ
911 1632 1008 1696 οὐδὲν
1032 1627 1116 1712 ἔχων
1139 1629 1214 1696 οὔτε
1247 1630 1333 1696 κατά
1358 1630 1419 1695 τόν
1450 1626 1453 1630 ’

245 1735 366 1820 τρόπον
390 1742 445 1818 τῆς
468 1739 640 1824 ἑρμηνείας
663 1736 734 1804 οὔτε
758 1737 842 1801 κατά
866 1734 902 1801 το
927 1736 1061 1823 α’κριβὲς
1085 1739 1141 1820 τῆς
1164 1737 1323 1813 διανοίας.

351 1844 515 1902 Videamus
539 1865 628 1916 nunc,
653 1846 1006 1925 qnornodorecentioris
1031 1845 1135 1904 aetatis
1158 1845 1212 1902 viri
1236 1846 1319 1904 docti
1343 1845 1419 1905 iudi-

244 1950 376 2009 caverint
399 1952 437 2010 de
461 1952 506 2010 his
530 1953 717 2011 testimoniis

351 2058 438 2115 Dietz
456 2055 478 2135 ¹)
510 2071 538 2116 et
566 2059 658 2117 Littre
690 2077 788 2132 neque
816 2059 847 2116 in
878 2058 984 2117 scholii
1018 2059 1212 2133 acquiescunt
1242 2063 1419 2119 auctoritate

244 2183 342 2239 neque
368 2165 475 2223 Galeni
499 2166 583 2222 locos
607 2183 696 2240 supra
720 2165 826 2222 allatos
849 2165 1011 2239 genuinam
1035 2183 1154 2240 prorsus
1187 2165 1288 2224 testari
1323 2166 1419 2224 libelli

244 2270 391 2345 originem
416 2272 594 2330 existimant.
632 2271 790 2341 Dietzium,
805 2290 843 2330 ne
867 2271 923 2346 ipsi
947 2271 1077 2329 ascribat
1089 2271 1269 2347 Hippocrati
1286 2272 1325 2330 de
1342 2292 1419 2330 mor·

244 2376 284 2433 bo
308 2395 394 2435 sacro
419 2389 585 2447 tractatum,
611 2378 770 2436 manifesta
794 2380 944 2453 quaedam
968 2378 1090 2437 dicendi
1124 2377 1246 2436 rationis
1277 2379 1420 2437 sollicitat

244 2482 416 2551 similitud0,
443 2504 520 2559 quae
545 2485 621 2543 inter
643 2486 722 2542 hunc
747 2496 775 2542 et
799 2486 836 2543 de
861 2495 966 2542 natura
990 2484 1120 2543 hominis
1152 2484 1260 2542 librum
1293 2485 1420 2544 interce-

243 2589 304 2646 dat.
352 2592 443 2648 Cuius
468 2591 567 2666 operis
592 2611 660 2648 cum
685 2601 799 2666 partem
825 2590 958 2648 ultimam
984 2591 1100 2666 Polybo
1133 2590 1274 2661 tribuant,
1300 2591 1420 2667 Hippo—

244 2695 334 2752 cratis
357 2716 480 2772 genem,
507 2716 596 2772 quem
621 2698 661 2756 ad
677 2697 880 2773 dogmaticam
899 2698 1032 2754 scholam
1050 2697 1227 2773 perhibeant
1244 2697 1419 2767 inclinasse,

243 2813 345 2860 nostro
370 2822 459 2878 porro
484 2804 513 2861 in
548 2804 624 2861 libro
659 2804 727 2862 insit
760 2805 910 2879 quaedam
940 2803 1016 2860 ratio
1047 2803 1229 2879 dogmatica,
1262 2804 1420 2862 concludit

245 2908 340 2980 Dietz,
366 2911 391 2967 si
415 2930 476 2969 non
501 2912 639 2980 eundem,
665 2911 798 2969 eiusdem
822 2912 925 2969 saltem
950 2911 1054 2968 aetatis
1078 2910 1172 2968 virum
1195 2910 1330 2968 libellum
1347 2930 1420 2968 con-

245 3016 398 3092 scripsisse
422 3018 512 3092 idque
538 3020 597 3088 lita,
627 3029 676 3075 lut
699 3017 916 3092 Hippocratem
941 3017 1048 3092 ipsum,
1066 3017 1090 3073 si
1111 3035 1177 3074 eum
1195 3027 1348 3075 auctorem
1365 3037 1419 3073 no-

243 3123 357 3180 minare
382 3124 561 3192 dubitemus,
587 3124 672 3182 huius
696 3124 790 3182 libelli
814 3143 876 3182 non
899 3123 1123 3199 pertaederet‚si
1147 3122 1204 3180 sibi
1228 3124 1420 3198 suppositum

242 3249 307 3288 esse
331 3231 524 3307 accepIsset.«
574 3230 623 3305 (cf.
650 3232 668 3290 l.
693 3232 712 3289 l.
738 3251 787 3306 pg.
815 3232 968 3308 92-—93.)

350 3337 414 3395 Nec
438 3339 478 3397 ita
501 3340 624 3396 multum
648 3358 666 3398 a
690 3338 807 3396 Dietzio
831 3337 922 3396 distat
946 3337 1049 3408 Littre,
1075 3337 1124 3412 qui
1149 3337 1192 3395 sic
1216 3336 1347 3396 iudicat:

353 3444 400 3503 »Si
426 3446 506 3503 donc
530 3465 567 3503 en
592 3455 751 3520 acceptant
776 3463 893 3502 comme
928 3444 1155 3501 veritablement
1183 3444 1222 3502 de
1246 3443 1358 3501 Galien
1389 3446 1419 3502 le

239 3551 403 3626 jugement,
429 3571 487 3626 que
512 3562 652 3626 rapporte
676 3553 705 3609 la
728 3551 813 3626 glose
837 3549 914 3607 cite'e
938 3551 1003 3624 plus
1038 3550 1116 3617 haut,
1142 3569 1181 3607 on
1213 3570 1244 3608 se
1276 3551 1375 3609 resuse
1400 3555 1419 3608 a

242 3658 359 3716 donner
391 3661 409 3715 a
434 3658 620 3732 Hippocrate
654 3656 804 3715 lui-meme
836 3667 913 3715 cette
946 3654 1157 3730 composition,
1189 3657 1209 3712 il
1242 3656 1346 3723 saudra
1376 3658 1419 3715 du

243 3765 343 3821 moins
368 3765 533 3822 l'attribuer
557 3766 574 3820 a
599 3765 763 3838 quelqu'un
789 3765 827 3822 de
851 3784 898 3822 ses
922 3764 1063 3838 disciples
1086 3763 1129 3821 les
1153 3762 1302 3820 meilleurs
1327 3772 1358 3820 et
1373 3764 1418 3822 les

241 3871 307 3945 plus
332 3870 510 3929 imme‘diats.
545 3904 585 3911 —

248 4021 251 4025 .
347 3979 387 4033 At
410 3996 510 4035 acrem
535 3977 563 4034 in
587 3977 749 4053 genuinam
774 3976 866 4034 libelli
883 3957 1037 4051 'originem
1061 3976 1203 4050 impetum
1225 3975 1295 4033 facit
1313 3977 1419 4034 Erme-

241 4084 300 4141 rins
325 4083 546 4158 prolegomenis
575 4085 613 4142 ad
647 4084 794 4159 Hippocr.
828 4083 897 4141 edit.
932 4082 1057 4159 scriptis
1094 4082 1199 4139 scholii
1234 4082 1315 4139 nisus
1349 4102 1415 4141 auc-

241 4189 368 4249 toritate.

349 4432 371 4501 ¹)
390 4436 422 4484 cf.
443 4431 633 4502 Ἱπποκράτους
652 4435 710 4502 περὶ
730 4434 787 4502 ἱρῆς
806 4430 885 4483 νόσου
904 4433 1008 4499 βιβλίον
1027 4450 1075 4482 rec.
1093 4436 1132 4489 Fr,
1145 4434 1229 4482 Dietz.
1245 4434 1315 4498 Lips.
1336 4436 1417 4498 1827.
