2978 5122
635 294 857 349 ..31-

68 468 335 529 Schuetzius
359 470 389 527 in
413 469 627 546 posterioribus
651 469 834 528 editionibus
858 471 1005 529 eStanlei
1022 472 1233 531 emendatione
1248 471 1329 555 ἡνιο-

62 580 288 660 στροᾳοῖ
311 577 447 653 scripsit;
472 578 655 635 Wellauerus
680 577 847 646 dubitabat,
873 588 968 635 utrum
993 578 1032 636 ad
1065 580 1237 653 analogiam
1268 598 1329 636 ver·

59 677 267 740 borum
306 675 458 768 ὗστερεῑν,
494 697 669 766 προτερεῖν,
697 682 836 740 similium
878 684 1001 741 verbnm
1040 695 1117 742 esset
1155 684 1329 759 tingendum

53 778 96 839 ἕ
115 785 167 856 ξ
191 793 347 870 (πτερῶ
371 809 409 846 an
433 789 607 864 ponendum
632 784 692 862 ἔξω
718 793 816 869 περῶ,
843 808 969 864 quorum
986 800 1121 847 neutnrm
1138 809 1205 848 eum
1223 791 1252 848 in
1270 803 1329 849 tex-

50 894 217 951 tum
246 895 380 970 recipere
404 914 469 954 esse
491 914 605 963 ausum,
630 914 691 952 non
716 907 770 964 est,
795 915 847 952 cur
870 896 1018 953 miremur.

267 1021 312 1076 Ex
346 1019 392 1076 his
421 1020 600 1077 coniecturis
632 1021 726 1078 fateor
750 1039 788 1078 ne
811 1039 901 1078 unam
927 1021 1047 1094 quidem
1079 1021 1232 1078 veritatem
1257 1021 1329 1078 mihi

44 1116 253 1183 videri
278 1138 444 1184 assecutam
470 1143 543 1185 esse.
582 1113 742 1182 Wellaueri
766 1126 845 1182 enim
869 1127 959 1182 verba
982 1123 999 1186 ἓ
1011 1122 1181 1208 §oropo
1202 1137 1230 1183 et
1252 1123 1296 1199 ἒξ
1304 1152 1328 1188 ω

45 1241 111 1280 Τῖ
137 1252 189 1289 ε
215 1236 274 1318 ρῶ
296 1243 454 1308 propterea
478 1251 496 1289 a
519 1233 621 1304 limine
645 1232 797 1290 reicienda
820 1243 896 1300 sunt,
923 1232 1003 1306 quod
1029 1234 1152 1289 alterum
1182 1251 1327 1306 nusquam

43 1329 247 1396 totius
272 1337 452 1396 Graecitatis
482 1338 575 1422 nobis*
603 1340 738 1408 occurrit,
773 1340 896 1396 alterum
929 1357 1009 1408 ver0,
1045 1339 1188 1412 quoniam
1222 1335 1329 1423 περᾶν

45 1442 276 1520 Selnper
297 1454 348 1501 aut
371 1444 511 1519 progredi
534 1455 584 1502 aut
608 1445 774 1519 transgredi
792 1445 947 1519 significet,
967 1463 1064 1519 neque
1089 1446 1168 1503 bene
1186 1447 1327 1503 hocloco

48 1548 226 1608 Cum
250 1569 325 1608 voce
348 1546 413 1623 ἔξω·
442 1550 631 1625 coniungitur
663 1569 719 1608 nec
755 1562 855 1624 aptum
891 1552 1015 1625 praebet
1045 1569 1173 1609 sensum.
1222 1553 1328 1625 Neque

51 1647 302 1716 n'fluorem
327 1656 544 1715 dubitationem
579 1656 696 1714 tertium
728 1657 800 1714 mihi
830 1668 930 1714 movet
962 1659 1084 1715 verbum
1117 1641 1324 1741 ἡνιοὰτροφῶ.

59 1759 241 1820 qnod
264 1762 438 1821 Schuetzius
461 1763 626 1838 proposuit.
673 1764 716 1820 Ut
739 1763 818 1821 enim
844 1764 1026 1837 usurpaverit
1050 1764 1173 1820 omnino
1198 1765 1326 1838 Aeschy-

63 1843 176 1916 hlS
234 1869 412 1927 rarissimam
446 1870 524 1926 hanc
557 1887 673 1940 vocem,
708 1887 787 1942 quae
818 1870 910 1926 semel
942 1869 1048 1942 legitur
1079 1870 1159 1943 apud
1185 1870 1325 1928 Eundem

78 1950 268 2033 Phoen.
294 1993 336 2034 vs.
367 1992 437 2047 172,
463 1975 635 2032 adversatur
658 1985 757 2032 tamen
784 1994 873 2049 quam
898 1975 1041 2032 acerrime
1065 1986 1127 2033 tota
1150 1975 1208 2033 loci
1232 1976 1344 2033 nostri

99 2075 315 2140 Sententia.
363 2080 445 2153 Quid
469 2079 567 2138 enimi
615 2083 743 2138 Putasne
768 2099 869 2138 revera
892 2081 930 2138 de
955 2099 1001 2150 e0,
1019 2081 1070 2156 qui
1086 2081 1248 2156 perturbati
1265 2082 1325 2139 ani·

106 2177 188 2235 Πὶὶ
222 2197 317 2244 motus
342 2187 491 2244 moderari
514 2197 652 2261 nequeat,
679 2188 812 2261 usurpari
836 2205 924 2261 posse
948 2188 1070 2244 verbum
1094 2186 1323 2268 ἡνιοστροφεῐν,

122 2291 238 2352 quod
262 2292 410 2366 significat
432 2293 565 2350 habenas
589 2292 712 2366 regere?
758 2292 867 2349 Nonne
884 2293 1034 2366 discrepat
1051 2294 1241 2350 vehementer
1257 2313 1323 2351 cum

135 2390 219 2456 tota
243 2399 373 2474 imagine
397 2408 426 2456 et
450 2417 516 2456 cum
542 2399 649 2464 verbis,
676 2417 753 2472 quae
777 2408 956 2471 sequuntur:
994 2406 1122 2483 φέρουσι
1146 2396 1209 2482 γοὲρ
1234 2398 1322 2463 ruaor'-

148 2512 252 2569 μενον
275 2511 388 2586 φρένες
412 2498 604 2588 δύσαρκτοιὲ
650 2506 767 2579 Nempe
790 2504 824 2572 is,
850 2506 900 2578 qui
934 2506 1069 2562 habenas
1101 2523 1203 2579 regere
1233 2507 1321 2576 valet,

156 2598 231 2668 intra
253 2609 390 2668 curriculi
415 2610 541 2684 spatium
567 2629 632 2668 sese
655 2611 809 2668 continere
833 2620 940 2684 potest.
984 2613 1081 2668 Immo
1105 2611 1136 2669 id
1160 2612 1256 2686 ipsum
1280 2612 1322 2670 di·

159 2729 220 2774 cere
244 2716 306 2773 vult
328 2727 429 2791 poeta,
454 2716 536 2790 abigi
560 2718 698 2774 Orestem
722 2736 739 2774 a
763 2727 845 2773 certo
869 2717 1006 2773 curriculi
1029 2718 1126 2790 spatio
1151 2736 1212 2774 non
1231 2718 1321 2792 ipsius

161 2823 305 2880 voluntate
329 2822 382 2880 sed
407 2821 435 2878 vi
459 2822 559 2896 aliqua
584 2822 701 2891 invicta,
726 2823 774 2878 cui
798 2822 932 2897 quamvis
955 2821 1092 2880 resistens
1109 2823 1216 2881 cedere
1232 2825 1321 2881 debe·

159 2937 191 2984 at.
238 2931 338 3002 Atque
362 2928 462 3000 miror,
488 2946 525 2985 ne
549 2928 806 2986 Wilamowitzium
831 2927 951 3003 quidem
975 2929 1033 2985 hoc
1064 2929 1185 2985 verbum
1209 2929 1239 2986 in
1262 2940 1322 2987 tex·

158 3044 213 3092 tum
239 3035 370 3109 recipere
394 3034 558 3101 dubitasse,
585 3035 634 3109 qui
658 3044 740 3091 tanta
763 3034 866 3093 iudicii
890 3035 1072 3109 praestantia
1087 3035 1125 3092 de
1141 3035 1320 3110 imaginibus

154 3140 183 3198 in
206 3140 406 3199 describenda
429 3140 546 3197 insania
569 3140 710 3197 adhibitis
734 3140 880 3197 disseruit.

258 3230 322 3304 iam
347 3264 417 3303 vero
441 3236 699 3321 eo'pervenimus
725 3257 756 3303 ut
780 3247 819 3304 ad
844 3248 967 3305 alteram
992 3247 1175 3321 quaestionis
1207 3259 1320 3323 partem

152 3353 298 3410 accedere
321 3363 468 3427 oporteat,
493 3371 564 3409 num
588 3352 676 3410 liceat
700 3371 800 3410 versus
829 3373 920 3426 1019.
949 3373 997 3410 20.
1024 3353 1052 3410 in
1084 3355 1170 3412 unius
1201 3356 1319 3413 enunci-

150 3459 190 3517 ati
216 3461 340 3518 sormam
365 3459 509 3532 redigere.

260 3566 362 3623 Habet
385 3566 461 3623 haec
484 3565 657 3622 coniunctio
682 3584 771 3623 unam
796 3549 1002 3624 difficultatem
1026 3584 1152 3642 eamque
1176 3568 1256 3627 haud
1280 3569 1318 3626 le

150 3690 228 3741 vem,
253 3672 336 3746 quod
358 3669 421 3755 γάρ
445 3671 600 3745 particula,
635 3690 713 3746 quae
745 3685 789 3730 est
820 3673 850 3729 in
881 3692 966 3730 versu
1004 3693 1095 3742 1020,
1130 3675 1247 3747 longius
1278 3676 1318 3732 ab

149 3778 236 3836 initio
260 3777 349 3836 totius
373 3778 539 3836 sententiae
562 3788 676 3836 remota
699 3789 752 3835 est.
801 3779 889 3851 Quae
913 3779 1073 3836 difficultas
1097 3780 1245 3851 mitigatur
1262 3782 1316 3839 sor·

148 3895 239 3954 tasse,
253 3903 314 3943 uon
330 3883 441 3942 tollitur
454 3886 601 3958 exemplu,
616 3885 697 3958 quod
710 3885 881 3942 Philoctetis
893 3885 1031 3943 obferunt
1043 3903 1143 3942 versus
1162 3906 1197 3957 14
1203 3881 1258 3961 50!
1262 3903 1276 3962 5
1287 3907 1298 3944 1
1309 3903 1315 3947 :

468 3987 580 4076 καιρὸς
601 3997 658 4052 καὶ
681 3989 781 4061 πλους

470 4092 519 4160 b‘d'
543 4095 663 4173 ἐπείγει
688 4095 750 4182 reip
772 4095 859 4161 aurci
884 4092 1050 4181 πρύμναν.

257 4203 334 4261 Nam
369 4203 398 4260 in
424 4203 590 4261 Hermanui
622 4221 698 4277 quae
731 4222 766 4260 ex
799 4202 918 4276 tragicis
948 4205 1053 4273 attulit,
1087 4205 1230 4280 exemplis
1252 4204 1317 4290 γάρ

148 4328 255 4397 parum
279 4309 418 4367 inusitate
441 4310 622 4366 collocatum
656 4320 709 4378 est,
744 4328 834 4383 quam
868 4320 897 4366 ut
930 4310 1064 4367 subsidio
1095 4329 1160 4369 esse
1194 4323 1317 4385 possent

148 4427 253 4478 nostro
276 4416 354 4476 loco.
402 4415 542 4492 Denique
565 4434 602 4476 eo
625 4416 751 4477 tortasse
774 4430 929 4476 excusatur
952 4416 1066 4492 aliquid
1089 4416 1229 4478 inusitata
1251 4437 1316 4495 par-
