2978 5122
624 310 846 349 ...20-

150 481 296 573 iuuatur
343 482 468 573 θράσος
514 479 797 570 παρακρουστικὸν
853 493 908 548 καὶ
950 479 1079 569 λ’ῥριψις
1126 489 1182 546 καὶ
1230 474 1328 546 κατά·

150 591 388 671 uiuraemuda
412 628 452 637 -
477 604 506 652 et
530 612 608 668 quae
641 593 671 651 in
696 593 863 651 universum
890 593 1091 668 Hippocrates
1122 589 1211 662 initio
1245 607 1328 665 prae·

150 702 307 760 notionum
331 701 400 758 libri
423 702 462 759 de
486 700 573 758 faciei
598 700 628 758 in
653 699 765 757 morbis
788 699 882 756 acutis
906 698 1070 756 mutatione
1094 696 1189 756 dicit:
1217 730 1260 738 u-
1287 727 1326 736 -

151 816 205 870 καὶ
228 802 334 869 τᾶλλα
364 820 480 891 σημεῖα
505 809 708 869 σκέπτεσθαι
740 803 801 883 [sel.
827 800 897 887 χρὴῙ
912 874 916 881 Ι
930 801 974 865 τά
998 827 1033 865 τε
1062 800 1099 866 ἐν
1122 805 1170 888 τρῖ
1196 799 1329 880 σώματι

151 922 206 978 καὶ
229 911 271 976 τοὶ
296 911 333 976 ἐν
356 927 457 976 τοῖσιν
487 908 709 993 ὀφθαλμοῖσιν
735 929 740 941 ·
766 906 808 992 ἢν
830 906 893 993 γάρ
925 943 967 953 -
990 943 1032 954 -
1066 905 1328 994 διαστρέφωνται

219 1054 261 1064 -
285 1015 326 1102 ἢν
349 1012 390 1081 τοὶ
415 1013 513 1082 λευκοὶ
538 1010 665 1103 ἐρυθροὶ
688 1019 818 1098 ἴσχοισιν
843 1050 884 1058 —-
900 1048 945 1058 -
967 1016 1073 1080 ταῦτα
1098 1009 1216 1079 πάντα
1240 1011 1327 1078 κακοὶ

151 1127 316 1209 νομίζειν·
337 1127 442 1183 Paullo
461 1125 538 1182 inira
554 1123 698 1199 legimus:
717 1118 758 1205 ἢν
772 1120 835 1208 γοὶρ
853 1125 887 1185 αἱ
906 1119 1001 1210 ὄψιες
1014 1116 1125 1186 nativa
1139 1129 1329 1200 κινέωνται,

150 1229 300 1315 μανῆναι
323 1229 447 1301 τούτοις
471 1227 572 1306 ἐλπίς.
598 1265 641 1274 -

260 1356 355 1414 Vides
389 1355 478 1430 igitur
507 1353 538 1411 in
562 1353 714 1429 Euripidis
738 1353 939 1428 descriptione
970 1353 1018 1411 vix
1048 1353 1231 1410 offensurum
1262 1370 1330 1410 esse

155 1463 381 1538 Hippocratem.
444 1462 572 1518 Necnon
596 1460 708 1536 optime
733 1460 771 1517 ad
795 1459 917 1518 furentis
941 1458 1101 1532 imaginem
1126 1458 1256 1532 quadrat
1271 1469 1329 1517 tur·

150 1569 240 1626 bidus
264 1567 403 1627 Herculis
427 1567 518 1636 risus,
545 1566 584 1624 de
615 1585 675 1641 quo
707 1565 831 1641 legimus
864 1565 894 1622 in
926 1564 1118 1641 aphorismis:
1156 1567 1192 1627 ui
1222 1588 1329 1650 παρα·

152 1667 311 1757 φροσῦναι
349 1675 384 1735 αἱ
411 1675 474 1754 μὲν
500 1666 583 1754 μέτα
611 1671 746 1751 γέλωτος
772 1669 962 1752 γιγνόμεναι
991 1667 1256 1754 ἀσφαλέστεραι,
1294 1675 1330 1735 αἱ

154 1779 192 1843 δὲ
223 1775 307 1861 μετα
341 1778 485 1860 σπουδῆς
517 1777 798 1863 έπισφαλέστιραι.
870 1781 1003 1856 Apparet
1048 1796 1084 1836 ex
1126 1777 1173 1834 his
1216 1779 1328 1849 verbis,

154 1886 288 1945 medicos
307 1886 441 1944 Graecos
466 1894 603 1943 accurate
627 1886 811 1951 observasse,
836 1896 931 1942 utrum
949 1903 1015 1942 cum
1041 1883 1099 1941 risu
1123 1903 1161 1941 an
1179 1884 1247 1943 sine
1271 1885 1331 1944 risu

154 1995 237 2050 fieret
269 1991 394 2059 insania,
428 2002 518 2066 atque
550 1992 608 2048 risu
640 1991 857 2066 prosperiorem
891 1991 1027 2049 statuisse
1056 1991 1154 2049 morbi
1188 2002 1331 2050 eventum

154 2098 327 2172 significari.
377 2098 526 2176 Ceterum·
541 2097 618 2155 Aiax
642 2115 763 2171 quoque
792 2097 867 2155 ridet
891 2097 996 2155 suroris
1027 2096 1138 2172 impetu
1163 2115 1330 2173 oppressus

155 2204 193 2263 ci.
218 2223 261 2263 va.
287 2223 361 2278 303.

263 2312 361 2384 Atque
372 2310 412 2368 de
428 2309 513 2367 initio
537 2309 671 2368 insaniae
694 2308 853 2368 hactenus!
880 2312 1106 2386 Comparemus,
1126 2327 1187 2384 qua
1210 2310 1333 2368 ratione

156 2416 395 2493 progredientem
420 2416 557 2473 morbum
582 2426 706 2490 uterque
730 2416 929 2492 descripserit.

262 2521 392 2580 Primum
416 2521 505 2596 igitur
527 2540 564 2580 eo
595 2522 734 2580 differunt
758 2523 832 2580 Aiax
856 2534 885 2580 et
910 2523 1065 2591 Hercules
1091 2522 1173 2597 quod
1208 2522 1333 2580 consilii

155 2629 186 2687 in
209 2628 261 2686 illo
285 2628 367 2685 nulla
390 2629 423 2684 fit
446 2623 582 2696 mutatio,
607 2629 660 2687 sed
690 2639 779 2687 tenax
811 2640 855 2688 est
879 2649 992 2699 eorum,
1018 2647 1095 2704 quae
1127 2648 1203 2687 sana
1228 2639 1332 2688 mente

155 2734 213 2792 sibi
237 2744 443 2810 proposuerat,
468 2731 581 2808 quippe
605 2735 655 2808 qui
679 2735 817 2793 inimicos
841 2735 898 2793 sibi
923 2735 1058 2794 videatur
1087 2734 1257 2793 interficere
1282 2753 1333 2811 pe·

156 2840 265 2899 cadum
291 2840 383 2898 edens
407 2849 544 2915 stragem.
594 2842 739 2899 Hercules
763 2860 833 2900 vero
859 2860 978 2917 prorsus
1008 2840 1167 2899 abducitur
1190 2860 1208 2898 a
1233 2841 1333 2899 consi·

156 2947 208 3016 lio,
234 2946 317 3022 quod
341 2946 400 3003 iam
431 2955 494 3003 erat
518 2947 685 3013 effecturus,
718 2946 824 3004 mentis
855 2945 1046 3004 alienatione.
1095 2945 1214 3005 Omittit
1247 2966 1333 3006 sacra

157 3063 262 3129 parata
284 3063 314 3110 et
337 3052 478 3109 inchoata
502 3053 688 3127 caedemque
710 3062 832 3127 repente
855 3053 1042 3110 machinatur
1066 3052 1094 3108 in
1119 3054 1333 3128 Eurystheum,

157 3177 236 3234 quae
260 3158 402 3234 cogitatio
432 3177 499 3215 cum
527 3176 545 3215 a
572 3168 635 3216 tota
662 3158 804 3216 dramatis
829 3159 947 3216 actione
980 3158 1017 3215 sit
1050 3158 1234 3216 alienissima
1269 3171 1331 3219 tum

157 3266 308 3340 discrepat
332 3274 422 3339 atque
444 3273 558 3339 pugnat
585 3265 845 3324 vehementissime
868 3284 934 3321 cum
967 3265 1117 3339 praesenti
1149 3265 1212 3323 eius
1248 3286 1331 3327 cura.

158 3372 263 3430 Subito
287 3370 376 3445 igitur
398 3369 533 3428 videmus
566 3370 691 3429 existere
723 3381 847 3445 aegroto
878 3389 971 3428 novas
1005 3388 1101 3440 curas,
1127 3370 1331 3447 ineptissimas

157 3478 226 3535 huic
250 3474 392 3551 temporis
416 3488 579 3546 momento,
605 3495 682 3551 quae
714 3496 781 3535 eum
805 3477 956 3552 abripiunt
984 3476 1023 3534 ab
1048 3496 1101 3546 e0,
1127 3479 1210 3552 quod
1236 3481 1332 3539 modo

157 3584 214 3641 sibi
247 3594 461 3658 proposuerat,
492 3582 531 3640 ad
562 3582 689 3640 consilia
723 3584 813 3658 plane
844 3583 969 3642 diversa.
1017 3583 1101 3640 Idem
1133 3585 1334 3644 observavere

158 3688 267 3747 medici
292 3688 410 3755 Graeci,
428 3688 510 3762 quod
534 3688 662 3746 auctoris
686 3689 724 3746 de
745 3689 852 3746 morbo
876 3707 961 3746 sacro
985 3689 1060 3746 haec
1084 3688 1196 3746 docent
1218 3693 1333 3755 verba:

159 3794 207 3872 (cf.
232 3796 267 3853 L.
292 3794 382 3871 VI.§
410 3815 457 3865 14.
483 3813 551 3870 pag.
577 3795 653 3872 386)
678 3799 726 3878 argi
749 3793 786 3858 δὲ
810 3790 900 3880 αὐτῷ
922 3792 1026 3881 τούτῳ
1049 3803 1106 3857 καὶ
1128 3794 1333 3876 μαινόμεθα

159 3900 222 3977 (sel.
256 3897 395 3982 cerebro)
427 3909 484 3964 aori
524 3908 798 3987 παραγρανέομεν
821 3910 874 3964 καὶ
898 3935 941 3942 -
967 3935 1005 3943 -
1036 3935 1070 3942 *
1104 3912 1335 3987 παρίστανται

158 4003 236 4090 ἡμῖν
254 4041 294 4050 -
313 4041 349 4049 -
378 4005 539 4070 πλάνοι
562 4002 739 4092 ἄκαιροι
764 4012 821 4069 καὶ
844 4006 1078 4092 φροντίδος
1103 4007 1173 4089 οὐχ
1198 4011 1334 4093 iuvari·

158 4122 421 4195 μιεναι--καῐ
446 4109 605 4198 οἷγωσίη
629 4114 713 4176 τοῖν
736 4113 1069 4178 καθιστιώτων.
1111 4116 1220 4174 Mirum
1238 4137 1331 4193 quan·

159 4230 220 4277 tum
261 4238 329 4278 cum
362 4220 471 4278 medici
504 4221 602 4278 verbis
632 4219 783 4296 Euripidis
815 4221 975 4279 conveniat
1009 4222 1181 4297 descriptio.
1252 4226 1334 4284 Nam

159 4325 247 4384 etiam
265 4327 411 4384 Hercules
427 4326 642 4401 intempestivis
665 4326 775 4384 fallitur
792 4328 949 4397 erroribus,
968 4328 1076 4403 ineptis
1096 4329 1226 4387 afficitur
1242 4333 1334 4402 curis,

160 4432 265 4505 nescit,
289 4432 363 4510 quid
394 4451 509 4492 asano
533 4434 710 4511 postulasset
744 4451 885 4512 praesens
918 4444 1044 4511 tempus.
1093 4435 1227 4513 Uterque
1261 4457 1336 4498 vero
