2978 5122
736 642 917 753 Vita.

775 879 881 888 ιρι-

346 1003 442 1063 Natus
465 1022 531 1062 sum
546 1004 738 1062 Hermannus
755 1003 878 1063 Harries
895 1001 1295 1078 Stolbergensis·Rhenanus
1319 999 1416 1077 pridie

242 1112 311 1170 Kal.
330 1111 467 1180 Octobr,
485 1129 565 1169 anno
590 1110 836 1169 MDCCCLXIX
860 1121 943 1185 patre
960 1108 1104 1180 Diterico,
1122 1109 1205 1166 cuius
1229 1119 1417 1184 praematura

244 1228 339 1276 morte
364 1216 479 1293 abrepti
505 1216 680 1275 memoriam
705 1215 806 1274 animo
829 1228 915 1291 grato
940 1228 969 1275 et
997 1216 1049 1292 pio
1073 1217 1142 1274 colo
1166 1235 1344 1290 semperque
1367 1236 1415 1273 co-

243 1324 314 1402 lam,
341 1333 435 1382 matre
458 1322 590 1382 Luisae
622 1334 711 1399 gente
736 1323 912 1382 Grotesend.
959 1321 1045 1381 Fidei
1069 1322 1206 1382 addictus
1240 1340 1305 1380 sum
1329 1341 1416 1380 evan·

242 1427 366 1504 gelicae.
414 1429 591 1487 Litterarum
616 1429 773 1488 elementis
798 1447 862 1487 sum
887 1429 1017 1494 imbutus
1041 1429 1071 1486 in
1095 1429 1252 1504 gymnasio
1277 1428 1416 1497 Kilieusi,

243 1533 327 1592 cuius
351 1534 427 1592 inter
449 1546 659 1610 praeceptores
674 1535 864 1610 Niemeyer0,
890 1535 1037 1611 gymnasii
1061 1547 1132 1593 tunc
1155 1535 1271 1605 rectori,
1289 1536 1416 1605 Cauem,

240 1640 384 1716 Jauseuio
396 1640 465 1698 viris
483 1641 663 1699 doctissimis
674 1641 784 1717 gratias
803 1661 860 1718 ago
874 1641 1026 1702 maximas.
1056 1644 1134 1700 Vere
1151 1641 1222 1699 anni
1235 1643 1415 1701 LXXXVII.

247 1745 424 1804 maturitatis
448 1746 620 1805 testimonio
636 1747 794 1805 instructus
818 1747 848 1805 in
865 1748 993 1806 Kilieusi
1017 1747 1174 1806 academia
1195 1749 1299 1807 studiis
1323 1750 1417 1824 philo·

243 1851 349 1928 logicis
383 1861 412 1910 et
444 1852 592 1911 historicis
625 1872 747 1929 operam
776 1854 857 1912 dedi.
904 1857 974 1912 Post
1007 1855 1067 1912 duo
1101 1856 1254 1913 semestria
1278 1857 1416 1913 Bonnam

244 1977 294 2016 me
323 1959 459 2016 transtuli
482 1958 587 2033 ibique
618 1959 648 2017 in
674 1959 784 2017 scholis
817 1979 865 2018 me
889 1960 1055 2018 docuerunt
1085 1961 1210 2029 Usener,
1244 1962 1417 2032 Buecheler,

244 2063 363 2136 Nissen,
377 2065 505 2133 Kekule,
519 2065 681 2134 Luebbert‚
695 2065 799 2135 Ritter‚
813 2068 909 2134 Dove,
923 2066 1049 2124 Bender.
1072 2068 1153 2124 Vere
1166 2066 1236 2124 anni
1249 2068 1418 2126 LXXXIX.

247 2170 359 2229 Kiliam
384 2189 502 2229 reverso
526 2172 794 2230 Forchharumerus
819 2174 1000 2243 Foersterus‚
1027 2172 1158 2230 Blassius
1192 2172 1322 2247 benigne
1346 2172 1418 2230 mihi

245 2287 467 2347 concesserunt,
494 2287 524 2334 ut
540 2277 690 2336 seminarii
716 2276 892 2353 philologici
913 2296 967 2353 per
990 2288 1131 2352 quattuor
1146 2279 1300 2337 semestria
1323 2298 1420 2338 essem

247 2381 359 2440 sodalis
383 2382 561 2442 ordinarius.
609 2385 765 2442 Praeterea
791 2383 909 2441 interfui
932 2383 1194 2443 exercitationibus
1218 2384 1335 2443 Brunsii
1359 2385 1422 2460 phi-

248 2487 398 2560 lologieis,
424 2488 642 2564 philosophicis
667 2489 807 2565 Glogavii
839 2500 868 2547 et
891 2490 1060 2563 Deussenii,
1085 2491 1250 2549 seminariis
1274 2491 1423 2550 historicis

249 2593 382 2652 Schumii
407 2605 438 2652 et
455 2594 587 2653 Busoltii.
629 2595 755 2653 Scholas
780 2595 879 2653 audivi
895 2595 1024 2654 vironrm
1048 2597 1288 2655 doctissimorum
1305 2598 1422 2667 Blassii,

248 2698 383 2770 Brunsii,
409 2700 534 2772 Caueri,
567 2699 717 2777 Glogavii,
742 2701 912 2774 Deussenii,
946 2703 1080 2772 Busoltii,
1113 2703 1253 2762 Schumii.
1302 2704 1423 2776 Quibus

249 2824 318 2864 cum
354 2806 495 2864 omnibus
527 2784 638 2883 gratias
670 2803 772 2882 agam,
806 2818 867 2866 tum
901 2809 930 2866 in
966 2820 1141 2884 perpetuum
1176 2828 1239 2867 sum
1272 2809 1423 2885 obligatus

255 2912 395 2986 Brunsi0,
421 2913 471 2988 qui
505 2913 605 2972 studia
628 2933 696 2972 mea
728 2913 936 2973 liberalissime
959 2934 1076 2990 semper
1100 2915 1269 2975 adiuvabat.
1317 2917 1425 2992 Neque

250 3036 383 3093 unquam
410 3019 481 3077 mihi
507 3020 610 3093 defuit,
635 3038 702 3078 cum
726 3020 786 3078 hoc
811 3022 987 3095 opusculum
1009 3023 1239 3083 conscriberem.
1265 3056 1306 3064 -
