2978 5122
662 112 884 171 ,Γ

188 294 227 354 de
250 314 325 354 voce
348 285 485 377 θολερός
509 309 598 368 supra
622 288 858 367 exponebantur.
905 287 1069 349 Transtulit
1091 299 1183 367 poeta
1206 288 1286 345 hanc
1309 304 1347 343 vo
1415 300 1489 327 Φ

188 420 264 471 cem,
289 419 367 477 qnae
390 399 509 476 proprie
542 409 697 473 usurpatur
729 397 768 455 de
801 415 879 471 aqua
911 398 1038 465 turbata,
1069 397 1108 454 ad
1140 402 1347 470 tempestatem

188 527 248 582 qua
271 509 313 577 fit,
339 516 369 564 ut
392 505 525 563 turbetur
547 523 639 562 mare.
687 504 788 561 Habet
812 503 900 577 igitur
932 503 992 559 vim
1025 501 1260 569 consecutivam,
1291 518 1328 556 cu

188 613 327 671 attributa
351 612 388 670 sit
411 611 438 670 ei
462 610 657 679 substantivo,
683 627 743 684 quo
767 627 858 666 causa
886 609 1019 666 efficiens
1043 608 1221 665 continetur.
1270 606 1382 662 Com-
1407 616 1459 654 s

187 729 308 794 paratur
331 736 400 776 vero
424 717 501 774 Aiax
525 717 622 773 surore
646 733 805 791 oppressus
830 733 897 770 cum
922 714 996 771 mari
1025 713 1120 771 ventis
1150 712 1290 770 excitato.
1320 738 1436 751 -2-

295 823 410 882 Eadem
434 821 566 895 denique
589 821 690 896 imago
713 821 815 877 subest
838 819 955 878 duabus
980 819 1131 894 Euripidis
1154 816 1340 891 metaphoris
1352 835 1394 878 z:
1465 847 1489 858 -

183 921 309 988 'Orestes
333 928 431 986 morbi
455 927 629 985 accessione
651 927 765 985 levatus
789 926 977 984 haecdicit:

255 1036 304 1111 (cl,
331 1035 382 1096 Or.
412 1031 500 1115 ²71·)
546 1027 580 1097 ἓκ
604 1027 759 1115 κυμάτων
782 1030 845 1117 γάρ
869 1023 971 1107 αὖθις
994 1021 1037 1095 αὔ
1059 1024 1173 1112 γαλήν’
1199 1023 1275 1114 riori·

293 1141 439 1198 Hercules
464 1140 502 1197 de
526 1139 650 1214 pristino
674 1138 780 1196 mentis
805 1149 881 1195 statu
898 1138 988 1196 dicit:
1013 1135 1067 1209 (H.
1085 1137 1102 1192 f.
1122 1154 1178 1193 vss
1202 1129 1423 1221 1091s9v²)(
1464 1154 1489 1171 -

400 1245 443 1320 aig
467 1243 493 1307 d
519 1242 562 1332 iv¹
579 1242 718 1309 κλύδωνι
743 1249 800 1305 καὶ
823 1247 949 1328 φρενῶν
972 1240 1158 1327 ταράγματι

399 1359 557 1414 πίπτοντα
583 1349 687 1436 δεινῷ.

295 1477 359 1532 Has
383 1474 443 1532 erui
470 1475 657 1552 imagines-a
680 1475 755 1532 mari
780 1474 929 1549 repetitas,
954 1475 1030 1533 inter
1053 1493 1127 1549 quas
1151 1459 1232 1532 certe
1256 1492 1357 1532 nume·
1395 1504 1429 1512 -

187 1582 282 1640 randa
306 1591 349 1638 est
372 1581 424 1639 illa
447 1580 569 1650 locutio,
595 1599 684 1654 quam
709 1581 875 1637 invenimus
900 1582 969 1639 Eur.
995 1582 1085 1640 Herc.
1109 1599 1152 1642 vs.
1182 1583 1284 1655 1189:

504 1693 689 1772 μαινομένῳ
714 1684 836 1771 πιτύλῳ
860 1681 1055 1767 πλαγχθείς.
1136 1673 1139 1677 ’

292 1795 339 1852 De
372 1812 432 1867 qua
464 1811 559 1867 nuper
592 1793 787 1850 Wilamowitz
821 1793 995 1851 doctissima
1024 1793 1231 1868 disputatione
1264 1795 1356 1851 multa
1404 1803 1482 1845 ἒ-

186 1899 304 1974 egregie
327 1899 448 1976 docuit3
472 1899 545 1957 illud
570 1910 667 1957 autem
692 1918 753 1956 non
778 1899 874 1973 potuit
905 1899 978 1956 milri
1010 1900 1189 1973 persuadere
1220 1898 1355 1973 πίτυλος
1413 1913 1479 1961 ἓ

1442 2016 1473 2024 .—

185 2005 224 2063 de
246 2005 354 2063 insano
378 2016 551 2080 usurpatum
576 2024 640 2064 esse
664 2025 829 2075 numerum,
855 2006 906 2080 qui
942 2024 1003 2063 non
1035 2016 1078 2064 est
1108 2023 1259 2073 numeruS‚
1294 2006 1355 2062 sive

186 2218 391 2276 acutissimus:
419 2211 475 2296 (cf.
507 2228 596 2276 tom.
631 2220 675 2276 II.
708 2237 765 2292 pg.
802 2212 895 2296 που)
922 2239 974 2279 arr.
1001 2218 1037 2275 ist
1060 2217 1109 2275 ein
1139 2228 1355 2292 onomatopoe-

185 2324 294 2382 tisches
318 2325 402 2380 Wort
426 2323 471 2380 fur
502 2323 556 2380 das
580 2324 745 2381 Klatschen
776 2323 857 2399 (man
888 2333 954 2397 sagr
985 2323 1062 2380 wohl
1094 2322 1171 2380 auch
1204 2322 1354 2400 pitschen)

185 2429 239 2487 des
263 2429 390 2496 Ruders‚
416 2446 502 2485 wenn
526 2447 557 2486 es
581 2429 626 2485 ins
651 2431 769 2488 Wasser
792 2431 885 2489 falla«

292 2534 373 2591 Hinc
407 2534 557 2609 duplicem
589 2536 693 2610 repetit
727 2536 962 2611 metaphoricam
995 2535 1166 2611 notionem;
1201 2547 1293 2611 atque
1317 2536 1355 2594 de

185 2640 285 2715 priore
314 2659 433 2715 prorsus
457 2642 614 2698 consentio
638 2660 704 2698 cum
731 2641 792 2698 viro
817 2642 1001 2711 doctissim0,
1026 2642 1119 2700 altera
1148 2661 1229 2711 vero,
1263 2661 1353 2717 quam

186 2757 287 2802 nostro
311 2746 380 2803 loco
404 2745 545 2816 vindicat,
570 2747 651 2805 haud
675 2767 797 2823 parvam
814 2747 886 2804 mihi
904 2757 1003 2806 movet
1019 2747 1248 2808 dubitationem.
1289 2748 1354 2806 Dis·

184 2850 254 2908 serit
286 2851 365 2909 enim
391 2851 449 2914 ita:
487 2854 566 2910 »Der
599 2854 710 2911 andere
734 2855 809 2929 Weg
842 2854 896 2912 der
920 2854 1076 2929 Metapher
1107 2854 1178 2927 geht
1208 2871 1269 2912 von
1301 2854 1354 2911 der

185 2957 468 3033 Gleichmassigkeit
491 2958 545 3016 des
569 2959 732 3035 Schlagens
757 2979 819 3029 ana,
845 2961 979 3018 dadnrch
1009 2959 1082 3017 wird
1114 2958 1246 3034 πίτυλος
1276 2979 1353 3035 ganz

183 3081 249 3121 zum
273 3064 380 3134 Takte,
405 3061 561 3144 ῥυθμόςυ

291 3171 381 3227 Hanc
405 3169 560 3228 notionem
585 3183 674 3246 negat
698 3172 766 3231 Wil.
792 3191 858 3230 cum
883 3186 986 3232 nostro
1010 3175 1089 3242 loco,
1114 3191 1175 3247 quo
1206 3173 1246 3230 de
1277 3172 1354 3234 inst·

182 3275 234 3333 nia
257 3275 362 3350 agitur,
387 3275 566 3351 discrepare.
606 3278 814 3337 Ratiocinatur
830 3280 890 3339 ita:
915 3313 935 3322 —
986 3280 1061 3338 »Die
1077 3278 1283 3354 Handlungen
1300 3279 1355 3338 des

183 3381 365 3440 Wahnsinns
389 3383 486 3456 gehen
511 3384 588 3441 eben
612 3385 693 3443 nicht
719 3385 758 3442 im
783 3387 889 3455 Takte,
915 3388 1046 3445 sondem
1070 3405 1101 3444 es
1125 3386 1162 3443 ist
1178 3385 1224 3443 fur
1239 3386 1284 3443 sie
1300 3386 1356 3443 der

182 3487 405 3563 Widerspruch,
439 3488 489 3546 die
523 3489 734 3550 Disharmonie
757 3493 1025 3551 charakteristisch.
1073 3493 1167 3551 Darin
1199 3491 1273 3567 liegt
1304 3492 1355 3551 die

183 3594 428 3669 Rechtlertigung
461 3595 514 3653 des
538 3597 730 3660 Ausdrucks:
764 3599 851 3656 einen
885 3601 912 3655 T
914 3601 964 3657 akt
996 3600 1046 3657 hat
1079 3598 1154 3656 auch
1185 3598 1239 3656 der
1263 3598 1356 3674 Gang

181 3699 236 3758 des
259 3699 393 3768 Irrsinns,
419 3719 475 3757 nur
504 3687 596 3760 einen¹
625 3703 782 3762 diametral
818 3706 1063 3775 verschiedenen‚
1093 3704 1355 3779 gewissermassen

181 3804 340 3880 negativen
365 3806 560 3880 Rhymmus«

289 3911 376 3985 Quae
400 3913 561 3988 explicatio
584 3916 670 3974 altius
695 3916 767 3974 mihi
791 3917 906 3976 videtur
930 3919 1055 3994 repetita
1079 3928 1169 3992 atque
1199 3917 1255 3976 hos
1279 3916 1354 3977 dum

181 4017 297 4077 intueor
319 4018 423 4082 locos:
645 4082 647 4086 Α

289 4125 380 4184 Herc,
406 4125 459 4183 sur.
487 4129 568 4187 816:

394 4220 445 4327 ἆρ’
469 4235 514 4310 τίς
536 4231 595 4302 τὸν
618 4231 721 4303 αὐτὸν
744 4234 878 4304 πίτυλον
900 4229 1021 4326 ἥκομεν
1043 4234 1155 4327 φόβου.

185 2111 337 2187 proprium
361 2111 495 2170 insaniae
518 2131 683 2170 numerum.
732 2112 869 2186 Explicat
893 2113 971 2170 enim
1001 2113 1042 2170 ita
1072 2113 1151 2169 hanc
1182 2129 1288 2170 vocem
1315 2111 1356 2169 vir
1420 2115 1479 2153 Ἴ
