2978 5122
161 490 215 530 sae
241 470 270 529 in
295 469 389 530 nuntii
414 470 594 546 narratione,
620 490 709 547 quam
734 484 764 530 tu
788 470 827 530 ad
850 471 1015 531 naturalem
1040 469 1175 532 insaniae
1199 470 1332 532 indolem

162 598 283 636 omnem
308 599 372 637 esse
395 580 613 637 conformatam
638 579 757 654 posuiti,
782 580 881 637 nullae
906 579 964 636 sint
987 589 1096 654 partes,
1122 591 1222 638 tamen
1247 580 1329 637 haec·

162 704 197 742 ce
226 685 290 759 ipsa
326 685 466 743 dramatis
502 704 570 760 pars
605 685 771 743 contrariae
795 685 826 742 in
853 685 1033 743 adhibendis
1060 685 1169 744 divinis
1197 686 1332 761 personis

162 791 284 849 rationis
302 791 417 868 insigne
441 793 537 850 obfert
561 793 739 867 exemplum.
786 794 897 851 Versus
922 791 990 850 dico
1016 813 1075 869 992
1102 812 1187 888 seqq.

368 970 439 1033 ἀλλ’
462 961 568 1054 ἦλθεν
591 968 696 1041 εἰκών,
723 971 765 1046 οἷς
789 963 872 1056 ὅροῒν
895 969 1056 1051 ἐφαίνετο,

368 1075 505 1152 aalide
530 1077 739 1162 apadalvovo’
762 1075 852 1159 ἔγχος
876 1075 1049 1158 ἔπίλογχον
1072 1083 1139 1161 χερὶ

369 1177 509 1270 κᾶρριψε
535 1193 653 1269 πέτρον
677 1192 808 1270 στέρνον
832 1188 876 1260 οἷς
899 1184 1102 1269 Ἡρακλέους,

368 1287 403 1367 ἴς
423 1315 477 1356 ,νιν
501 1289 602 1374 φόνου
625 1290 788 1375 μαργῶντ’
811 1290 928 1374 ἐπέσχε
951 1285 978 1351 κ’
1005 1294 1047 1367 εἰς
1072 1283 1177 1355 ὕπνον

369 1401 507 1481 καθῆκε.
534 1432 574 1439 -
599 1420 659 1450 -<<

272 1594 380 1651 Fateor
403 1612 465 1650 non
490 1593 531 1652 ita
554 1595 639 1652 aliter
662 1595 720 1652 hoc
744 1595 812 1651 loco
836 1593 923 1651 deam
956 1592 1046 1650 inseri
1076 1594 1163 1650 rebus
1196 1591 1333 1650 humanis

163 1708 253 1771 atque
278 1698 307 1754 in
334 1699 435 1757 Aiace.
483 1701 560 1757 Nam
585 1700 740 1775 inopinata
756 1699 910 1757 Minervae
934 1699 1101 1774 praesentia
1124 1699 1173 1756 hic
1197 1699 1332 1768 efficitur,

163 1804 224 1860 illic
249 1805 372 1861 solvitur
404 1805 529 1864 insania.
577 1805 716 1880 Neglexit
739 1805 827 1881 igitur
851 1805 915 1880 ipse
939 1814 1029 1880 poeta
1060 1805 1226 1871 consilium,
1253 1806 1335 1878 quod

163 1910 193 1966 in
218 1911 323 1968 ceteris
359 1911 498 1969 dramatis
534 1911 666 1986 partibus
702 1929 769 1968 emn
805 1920 938 1968 secutum
971 1929 1036 1968 esse
1069 1921 1097 1968 et
1132 1911 1333 1969 demonstravi

163 2027 192 2074 et
221 2017 442 2075 demonstrabo
496 2017 622 2075 Videtur
653 2028 752 2075 autem
784 2018 841 2074 hac
872 2016 1073 2074 inconstantia
1105 2017 1232 2092 primum
1265 2035 1334 2073 con·

164 2123 274 2179 firmari
306 2123 523 2181 Wilamowitzii
554 2122 684 2199 suspicio
719 2122 768 2199 (cf.
799 2144 823 2193 1,
851 2125 1024 2200 356—57),
1057 2143 1118 2180 non
1152 2123 1248 2198 ipsum
1279 2125 1334 2180 Eu·

163 2229 290 2303 ripidem
320 2230 439 2288 finxisse
467 2231 546 2287 hunc
574 2229 709 2287 insaniae
737 2229 847 2286 exitum
876 2230 929 2287 sed
960 2248 996 2286 ex
1020 2229 1144 2303 antiqua
1173 2226 1334 2304 sumpsisse
1364 2254 1366 2258 ³

163 2335 274 2393 fabula.
324 2339 350 2392 T
353 2355 400 2394 um
425 2337 494 2395 ideo
519 2337 642 2394 fortasse
666 2356 732 2394 eam
757 2346 874 2394 secutus
899 2347 952 2405 est,
985 2336 1056 2410 quia
1088 2346 1155 2410 post
1188 2345 1231 2394 tut
1262 2346 1334 2392 tam·

167 2461 226 2515 que
264 2443 376 2501 atrocia
414 2443 548 2501 facinora
587 2443 744 2518 languidus
783 2442 809 2500 ei
849 2440 1005 2500 videbatur
1044 2443 1189 2500 Hercules
1227 2460 1334 2498 sumno

167 2547 266 2606 subito
301 2549 465 2608 concidens
501 2550 541 2607 ita
575 2560 605 2607 ut
629 2568 719 2606 causa
757 2548 908 2624 improvisi
944 2549 1060 2623 soporis
1094 2549 1176 2606 nulla
1213 2565 1336 2623 appare·

166 2665 218 2711 ret.
289 2655 396 2713 Maluit
434 2656 521 2731 igitur
560 2656 696 2714 Minerva
742 2674 833 2712 causa
872 2655 968 2713 somni
1007 2655 1131 2713 inducta
1169 2655 1335 2712 inconstan-

165 2760 224 2817 tiae
249 2761 496 2837 vituperationem
522 2764 607 2832 ferre,
634 2781 722 2836 quam
758 2763 899 2837 languere
932 2761 1175 2836 descriptionem.
1225 2759 1336 2818 Debuit

164 2886 246 2936 sane,
274 2879 303 2924 ut
331 2878 472 2925 constans
507 2867 563 2925 sibi
588 2878 674 2936 esset,
699 2867 788 2924 etiam
822 2867 932 2925 exitum
965 2867 1070 2924 furoris
1094 2866 1131 2924 ad
1163 2885 1252 2923 unam
1286 2865 1335 2923 de-

164 2972 295 3031 scribere
319 2974 482 3032 veritatem.
516 2974 575 3032 Sed
600 2973 693 3031 dabat
716 2973 775 3030 hoc
791 2973 1008 3047 spectatoribus
1025 2993 1086 3030 non
1104 2984 1164 3030 tam
1181 2972 1334 3030 veritatem

163 3095 255 3151 quam
281 3079 444 3137 efficaciam
470 3080 672 3155 spectantibus
698 3079 794 3136 morbi
818 3079 1037 3154 descriptionis.
1076 3130 1080 3145 ,

272 3221 359 3277 Nunc
383 3240 453 3280 vero
479 3232 509 3279 ut
534 3221 788 3296 quemadmodum
814 3221 852 3278 ad
874 3220 1007 3278 divinum
1026 3220 1179 3278 arbitrium
1198 3219 1336 3277 Herculis

161 3325 320 3383 calamitas
346 3337 509 3398 revocetur,
535 3327 721 3402 indagemus,
747 3326 874 3400 primum
899 3345 1088 3400 quaeramus,
1106 3345 1176 3383 num
1195 3326 1257 3384 eius
1275 3325 1335 3400 opi·

160 3431 271 3500 nionis,
297 3451 356 3506 qua
380 3434 440 3490 fere
465 3433 517 3490 niti
542 3433 700 3509 Sophoclis
726 3433 857 3490 fabulam
882 3451 971 3507 supra
994 3433 1132 3502 vidimus,
1158 3433 1243 3506 quasi
1267 3452 1325 3507 poe

160 3556 231 3595 nam
256 3548 377 3612 propter
400 3539 483 3596 nefas
513 3538 704 3595 commissum
737 3539 775 3595 ab
798 3538 878 3595 iratis
902 3538 967 3594 dcis
992 3538 1067 3595 mitti
1099 3538 1270 3596 hominibus
1295 3538 1334 3595 in·

158 3643 288 3712 saniam,
314 3644 343 3701 in
369 3645 511 3720 Euripide
535 3644 723 3701 inveniantur
739 3643 872 3719 vestigia.
910 3645 1104 3702 Inveniuntur
1120 3645 1211 3702 nulla.
1247 3647 1334 3714 Nam,

158 3750 332 3824 ubicunque
357 3762 406 3808 aut
430 3751 576 3808 Hercules
611 3760 661 3807 aut
685 3751 863 3826 Amphitryo
894 3763 943 3808 aut
967 3752 1102 3808 Theseus
1135 3753 1263 3809 furorem
1297 3750 1336 3808 ad

158 3856 294 3914 divinam
320 3858 450 3919 referunt
473 3858 675 3924 voluntatem,
693 3856 734 3914 ita
757 3858 927 3931 loquuntur,
952 3847 1096 3930 tanquam
1122 3857 1187 3915 sine
1211 3858 1271 3914 ulla
1295 3858 1336 3932 ip·

158 3962 221 4019 sius
245 3963 334 4036 culpa
359 3963 504 4020 Hercules
530 3963 652 4019 lunonis
677 3963 749 4019 iram
774 3962 811 4019 sit
835 3973 981 4037 expertus
1029 3963 1066 4020 cf.
1087 3982 1143 4020 vss.
1168 3983 1261 4034 1114,
1279 3968 1336 4039 783
1369 3999 1377 4012 ·

164 4085 325 4140 ¹²².7›40›
353 4070 403 4138 66,
431 4071 581 4142 tio—98,
611 4072 702 4144 1381.

268 4210 439 4268 Clarissime
464 4222 563 4269 autem
588 4211 725 4278 elucebit,
753 4224 895 4284 quantum
920 4212 977 4269 hac
1001 4213 1032 4269 in
1057 4230 1087 4269 re
1111 4212 1187 4269 inter
1212 4210 1337 4269 Aiacem

153 4323 186 4373 et
205 4317 367 4374 Herculem
392 4316 516 4387 intersit,
542 4317 747 4392 comparando
773 4318 923 4391 utriusque
948 4329 1015 4392 post
1039 4319 1166 4376 solutam
1188 4317 1335 4374 insaniam

152 4423 249 4480 ”nimi
273 4432 358 4480 statu.
406 4423 509 4482 Insani
532 4423 672 4482 facinoris
697 4425 817 4501 culpam
841 4444 901 4483 non
927 4425 984 4483 sibi
1008 4426 1061 4484 sed
1087 4425 1242 4483 Minervae
1268 4424 1336 4480 vin-
