2978 5122
550 304 773 362 ..47-

189 488 252 545 real
270 506 319 544 τοι
347 476 457 564 ἔμοιγε·
490 478 628 568 ου’περῐ
662 479 823 565 εδσεβείης
846 480 1011 546 δοκέουσιν
1041 476 1117 559 τοδς
1139 481 1252 562 λόγους
1311 563 1313 567 7

76 592 274 663 ποιέεσθαι,
307 587 349 658 οἷς
373 592 507 659 οἴονται,
539 581 625 651 ἄλλα
655 596 728 674 περὶ
760 587 944 671 δυσσεβείης
967 586 1094 670 μᾶλλον
1122 599 1174 653 καὶ
1209 591 1252 667 οἷς

75 698 106 757 οἳ
131 699 213 757 θεοῖ
237 683 295 757 oria
323 697 413 763 εἰσίν,
439 690 478 757 τό
501 719 536 757 τε
559 694 690 770 εὐσεβὲς
712 702 769 756 καὶ
793 699 890 758 θεῖον
919 694 1030 758 αδτοῖν
1055 693 1172 773 α’σεβες
1195 708 1250 761 καῖ

73 795 218 863 α’νὸσιόν
240 798 317 872 ἔστι,
343 795 389 875 οἷς
412 798 474 878 ἔγω
499 798 632 874 διδάξω.
680 803 722 861 Εἰ
751 797 814 884 γὰρ
839 798 974 883 σελήνην
996 827 1031 864 τι·
1054 807 1252 888 καθαιρίειν

73 915 136 970 καὶ
168 901 263 988 ἥλιον
292 901 464 987 οἷωανίζειν
497 915 551 969 καὶ
584 904 730 987 χειμῶνά
755 928 787 968 τε
823 915 879 969 καὶ
903 906 1017 984 εὐδίαν
1050 917 1173 972 ποιέειν
1197 919 1251 974 καὶ

73 1010 223 1097 ὄμβρους
245 1019 300 1074 καὶ
322 1001 465 1093 αὗχμοιδς
488 1020 542 1074 καὶ
566 1006 745 1074 θάλασσαν
761 1007 884 1092 ἄφορον*
909 1021 964 1075 καὶ
988 1015 1120 1095 γῆνκαὶ
1143 1012 1249 1079 τᾶλλα

72 1115 118 1182 τοὶ
159 1115 391 1203 τοιουτότροπα
428 1112 541 1182 πάντα
573 1115 794 1198 ὑποδέχονται
824 1115 1038 1183 ἐπίστασθαι.
1066 1119 1250 1198 husmerae

72 1223 190 1308 ἤνοιγε
216 1223 359 1288 δοκέουσι
383 1233 438 1289 καὶ
462 1222 561 1298 θεοὺς
585 1220 658 1288 οὔτε.
682 1222 766 1288 εἶναι
783 1224 926 1304 νομίζειν
950 1224 1006 1289 αὐτ
1021 1220 1146 1304 ’δόντας
1169 1223 1250 1306 ἰσχυ-

70 1357 126 1396 ειν
154 1321 250 1395 orlon
271 1324 343 1394 οὔτε
366 1334 535 1415 εἴργεσθαι
560 1326 603 1392 δι’
627 1328 758 1405 οὐδενὸς
789 1334 855 1393 τῶν
878 1328 1033 1408 ἐσχάτων,
1058 1325 1106 1397 οἷν
1129 1343 1249 1399 ποιέον-

68 1462 128 1512 τες
156 1439 227 1513 πῶς
248 1435 288 1499 ori
322 1436 422 1500 δεινοὶ
459 1436 605 1500 αὐτοῖσίν
628 1440 725 1511 εἰσιν;
760 1440 790 1498 εἰ
811 1434 874 1519 γάρ
898 1429 1076 1523 ἅνθρωπος
1099 1435 1250 1521 μαγεύων

68 1569 108 1607 τε·
136 1552 196 1607 καῖ
221 1538 313 1607 θύων
337 1579 378 1588 -
406 1576 445 1586 >-
468 1539 566 1626 ἤλυον
591 1541 733 1624 α’ωανιεῑ,
761 1541 817 1605 οὐκ
843 1539 886 1605 ἄν
910 1538 1011 1622 ἔγωγέ
1030 1568 1060 1606 οι
1084 1550 1179 1608 θεῖον
1202 1570 1250 1609 νο-

67 1659 214 1733 μίσαιμι
235 1642 357 1713 τουτων
380 1648 465 1712 εἶναι
490 1648 559 1710 αλλ’
591 1646 818 1734 ἀνθρώπινον,
848 1652 878 1709 εἰ
899 1642 938 1731 δή
962 1651 1020 1713 τοῦ
1036 1655 1131 1714 θείου
1154 1647 1174 1733 ἦ
1198 1647 1249 1715 δύ-

68 1779 179 1835 ναμις
202 1747 266 1818 δπδ
291 1749 474 1839 α’νθρώποο
495 1752 624 1836 γνώμης
648 1762 819 1837 κρατίεται
843 1763 899 1816 καὶ
923 1753 1129 1818 δεδούλωται.
1149 1792 1188 1800 --
1206 1794 1249 1804 -

188 1863 295 1919 Fateor
311 1861 408 1919 inesse
424 1862 454 1918 in
470 1861 516 1918 his
532 1860 629 1918 verbis
646 1860 790 1918 rationem
808 1861 1011 1935 sophisticam.
1038 1862 1132 1934 Quod
1148 1875 1248 1922 tamen

66 1968 153 2026 nihil
170 1968 250 2024 valet
273 1967 312 2024 ad
329 1949 515 2042 probandam
540 1967 669 2041 spuriam
695 1966 787 2023 libelli
812 1966 967 2041 originem.
1008 1968 1084 2025 Nam
1108 1970 1247 2044 equidem

65 2073 209 2132 eandam
233 2072 417 2148 deprehendi
450 2073 676 2148 argumentandi
702 2073 846 2129 rationem
879 2073 909 2129 in
941 2073 1008 2131 libri
1041 2093 1109 2132 vere
1133 2075 1248 2150 Hippo·

65 2179 183 2248 cratei,
209 2179 259 2253 qui
283 2179 322 2237 de
345 2197 424 2248 aere,
450 2179 546 2252 aquis,
563 2178 637 2236 locis
661 2178 839 2250 inscribitur,
858 2198 893 2237 ea
919 2191 1011 2254 parte,
1035 2199 1093 2254 <prta
1117 2181 1155 2238 de
1179 2182 1248 2255 Scy·

64 2288 198 2344 tharum
215 2286 320 2342 morbo
345 2286 486 2360 quodam,
507 2303 596 2358 quem
620 2285 659 2341 ad
680 2285 754 2342 deos
779 2285 821 2341 illi
845 2286 1022 2354 referebant,
1040 2287 1157 2343 disserit
1175 2287 1248 2362 Hip·

63 2400 228 2468 pocrates.
267 2390 371 2448 Statim
388 2391 467 2448 enim
491 2391 566 2447 haec
582 2390 612 2446 in
636 2391 740 2447 oculos
757 2391 839 2448 cadit
862 2391 1034 2460 similitud0‚
1052 2393 1133 2466 quod
1157 2393 1247 2451 etiam

63 2500 138 2556 hoc
161 2496 230 2553 loco
254 2496 418 2554 rationibus
443 2497 567 2553 refutare
584 2497 681 2553 studet
704 2505 807 2552 auctor
830 2496 934 2553 salsam
960 2497 998 2554 de
1015 2497 1107 2555 divini
1131 2501 1247 2556 morbo-

64 2621 143 2663 rum
162 2602 350 2676 quorundam
370 2602 484 2675 origine
501 2602 581 2676 vulgi
598 2602 780 2676 opinionem.
830 2604 893 2660 Has
910 2621 980 2660 vero
1000 2605 1129 2662 rationes
1153 2607 1247 2680 magis

64 2710 190 2783 dignas
220 2727 284 2766 esse
310 2709 496 2783 Hippocrate
529 2727 619 2781 quam
644 2708 719 2775 illas,
756 2727 829 2781 quas
863 2708 929 2764 libri
953 2708 991 2766 de
1024 2712 1131 2768 morbo
1162 2731 1247 2778 sacro

65 2824 186 2875 auctor
216 2816 343 2890 profert,
375 2815 423 2871 vix
456 2814 643 2872 contenderit
678 2812 846 2887 quisquam.
896 2814 977 2886 Quid
1011 2816 1099 2890 igitur
1131 2818 1248 2875 disserit

66 2920 283 2995 Hippocrates
308 2932 413 2979 contra
437 2921 570 2994 Scythas,
597 2920 647 2993 qui
671 2921 808 2976 morbum
834 2919 984 2993 quendam
1009 2922 1149 2979 <livinitus
1173 2924 1247 2981 mitti

65 3027 229 3086 statuant?
254 3027 356 3085 Obicit
380 3026 430 3102 (cf.
466 3029 500 3084 L.
527 3029 565 3084 ll.
591 3046 660 3102 pgg.
688 3023 811 3101 791‘80.)
833 3027 938 3083 nrirum
963 3046 1037 3098 esse,
1066 3047 1118 3085 cur
1141 3029 1246 3087 divites

65 3135 140 3192 fere
156 3133 213 3189 soli
229 3133 258 3190 in
275 3134 354 3190 hunc
370 3133 505 3190 incidant
522 3132 667 3197 morbum,
686 3132 797 3207 quippe
814 3132 865 3205 qui
882 3142 1003 3208 propter
1019 3133 1137 3191 divitias
1154 3137 1247 3192 multo

67 3238 198 3312 saepius
222 3239 390 3296 sacrificent
425 3239 482 3296 diis
514 3257 603 3312 quam
635 3257 790 3313 pauperes
838 3241 918 3313 Ergo
949 3240 1073 3297 deorum
1104 3259 1168 3299 esse
1201 3243 1246 3300 his

67 3344 195 3404 mittere
226 3345 358 3414 morbos,
393 3363 515 3420 parcere
547 3364 617 3403 vero
650 3346 801 3414 divitibus
836 3345 942 3419 quibus
972 3347 1082 3420 gratias
1115 3348 1247 3406 debeant

69 3449 204 3509 reddere
227 3469 281 3525 pro
305 3452 396 3507 sacris
420 3450 653 3523 honoribusque,
679 3469 756 3524 quae
780 3451 818 3507 ab
842 3451 899 3506 illis
922 3451 1100 3524 acceperint.

185 3576 290 3648 ltaque
306 3594 342 3631 ex
359 3593 394 3632 ea
410 3573 582 3649 disputandi
600 3573 723 3642 ratione,
741 3592 818 3648 quae
842 3574 871 3630 in
896 3584 1022 3648 utroque
1047 3575 1123 3632 libro
1140 3579 1246 3636 eadem

71 3679 234 3749 invenitur,
264 3679 304 3737 de
327 3690 453 3754 utroque
486 3680 611 3738 fortasse
635 3679 737 3737 licebit
768 3679 1002 3751 conclusionem,
1028 3682 1126 3739 facere
1157 3684 1245 3754 libro,

72 3805 140 3844 non
164 3783 203 3844 de
227 3787 320 3844 altero
344 3796 470 3861 excepto
494 3786 601 3861 priore.

184 3892 303 3950 Deinde
326 3893 487 3968 genuinum
511 3912 571 3951 non
596 3912 661 3951 esse
677 3891 809 3951 libellum
840 3884 942 3956 >marri
967 3887 1025 3976 τήν
1050 3896 1241 3980 ἑρμηιιιίανε

73 3999 206 4076 probare
231 4000 328 4058 studet
351 4001 395 4057 vir
418 4000 607 4057 doctissimus
636 4002 753 4074 »ipsa«,
779 4000 884 4073 inquit,
913 4002 1026 4058 »oratio
1050 4002 1246 4076 Hippocratis

75 4125 153 4180 opus
176 4124 236 4163 non
269 4125 333 4164 esse
358 4106 494 4175 ostendit,
533 4106 604 4181 quin
638 4105 801 4164 certissima
835 4106 1040 4180 putidissimae
1072 4108 1245 4167 imitationis

74 4215 212 4269 locorum
244 4212 516 4286 Hippocrateorum
550 4232 567 4270 e
601 4212 678 4269 libro
713 4211 751 4269 de
782 4229 868 4281 aere,
904 4213 1007 4286 aquis,
1041 4214 1115 4271 locis
1149 4215 1247 4274 obfert

75 4318 242 4392 exempla«

184 4424 314 4485 Primum
339 4426 426 4501 igitur
442 4445 501 4504 qua
523 4425 639 4487 ratione
655 4424 851 4487 imitationem
876 4426 982 4505 probet
999 4429 1148 4490 Ermerins
1165 4429 1244 4489 vide·
