2978 5122
559 261 781 319 „15-

193 441 285 497 Affert
310 458 399 514 porro
424 440 482 497 hoc
506 441 702 514 fragmentum
728 439 928 514 llaremberg:
954 433 1006 517 (cf.
1024 439 1139 496 Nauck.
1162 454 1218 510 107
1247 430 1257 517 l

244 545 370 626 μέλλων
394 550 420 607 τ’
445 544 556 630 ἰατρὸς
580 547 619 639 τῇ
643 541 726 630 νόσῳ
753 543 862 618 διδοὺς
885 542 1001 628 χρόνον

244 646 345 714 ludar
367 648 485 732 ’irrirq'r
507 649 633 733 μᾶλλον
655 646 678 732 ἤ
700 649 807 733 capuit*
829 645 922 735 χρόα.
1191 733 1195 740 ¹

191 759 428 833 Insignissinmm
446 777 516 816 vero
534 759 747 826 testimonium,
765 770 907 832 quantam
931 758 960 814 in
981 757 1123 832 Euripide
1134 748 1256 814 'habeat

78 866 290 924 auctoritatem
315 865 475 935 medicina,
501 865 530 920 in
560 864 718 939 Hippolyti
742 864 835 922 cernit
858 863 1000 931 versibuS,
1019 864 1107 920 etiam
1133 864 1160 919 al
1178 864 1253 919 Hae·

79 991 151 1029 sero
180 971 307 1029 laudatis
338 972 459 1045 (Lehrb.
485 972 514 1028 d.
540 972 649 1030 Gesch.
683 971 712 1028 d.
738 970 882 1026 Medicin.
917 971 939 1026 l.
966 989 1014 1044 pg.
1049 978 1122 1044 97.),
1148 969 1256 1043 quibus

77 1079 181 1135 nutrix
205 1078 358 1134 Phaedrae
382 1078 548 1152 aegrotanti
572 1077 647 1133 haec
670 1076 743 1134 dicit
767 1076 817 1150 (cf.
843 1094 898 1133 vss.
926 1077 1099 1152 293—96l.

245 1186 306 1244 x’m'
325 1187 387 1263 μὲν
411 1197 512 1257 νοσεῖς
536 1205 566 1244 τι
590 1185 657 1245 τοῖν
680 1171 872 1262 α’ποῤῥήτοτν
895 1185 1014 1243 κακῶν.

244 1303 394 1368 γνναῐκος
418 1287 493 1351 uide
516 1281 783 1366 συγκαθιστάναι
808 1284 911 1349 νόσον.

244 1399 275 1457 εἰ
296 1393 316 1456 d
338 1392 476 1476 ἴκροςοός
501 1414 549 1457 σοι
573 1388 718 1477 σομοοροῖ
744 1389 988 1477 πρόςγᾶρστνας

244 1501 299 1579 λέν
323 1499 377 1574 ὀἷς
400 1504 523 1585 ἰατροῖς
547 1500 685 1582 πρᾶγμα
709 1502 842 1591 μηννῧῇ
864 1496 949 1559 τόδε.

190 1606 325 1664 Adnotat
350 1606 392 1662 vir
417 1605 623 1663 doctissimus:
649 1605 733 1661 Nons
749 1622 864 1678 voyons
888 1605 964 1661 dans
982 1604 1124 1679 Euripide
1147 1603 1254 1661 l'inter·

81 1713 205 1770 vention
229 1712 282 1769 des
306 1731 391 1785 sages
408 1712 532 1768 femmes
557 1720 585 1767 et
608 1710 662 1767 des
686 1709 848 1777 medecins,
865 1709 939 1766 dont
964 1710 1074 1766 l'osfice
1098 1709 1255 1766 simultane

82 1828 127 1875 est
151 1819 176 1874 si
200 1827 326 1874 souvent
349 1817 562 1874 recommande
592 1816 668 1874 dans
691 1817 734 1873 les
758 1816 844 1872 livres
876 1834 925 1872 sur
953 1816 995 1873 les
1026 1816 1170 1873 maladies
1202 1817 1255 1872 des

82 1925 217 1990 semmes,
243 1923 294 1996 qui
318 1924 383 1979 font
408 1922 502 1996 partie
524 1922 563 1980 de
587 1923 616 1978 la
640 1921 799 1979 collection
823 1921 1060 1995 hippocratique.
1089 1955 1128 1963 -

191 2029 305 2086 Dubito
328 2047 411 2095 vem,
444 2047 515 2084 num
540 2046 594 2084 suo
618 2027 680 2085 iure
715 2028 743 2083 in
774 2027 881 2084 talibus
906 2027 1049 2102 exemplis
1073 2027 1255 2100 acquieverit

83 2135 277 2209 Daremberg.
326 2136 400 2191 Eam
425 2143 504 2191 certe
528 2133 715 2200 sententiam,
734 2152 822 2206 quam
846 2133 948 2206 paullo
973 2151 1063 2206 supra
1082 2133 1162 2207 apud
1187 2152 1253 2190 eum

81 2241 226 2315 legimus:
252 2244 271 2296 ὰ
303 2260 419 2309 intrare,
451 2260 504 2314 que
537 2241 560 2296 le
596 2248 682 2314 temps
713 2241 834 2306 νιοντΙα,
866 2240 904 2295 les
932 2240 1003 2295 ilites
1032 2239 1175 2295 ntldicales
1205 2239 1253 2296 s'l-

81 2347 193 2403 tendmt
221 2354 248 2403 et
274 2366 302 2403 se
326 2347 674 2423 perfectionnenl-—non
703 2345 774 2402 satis
806 2344 878 2401 mihi
910 2345 972 2401 istis
997 2344 1147 2419 Euripidis
1181 2345 1254 2401 locis

81 2452 229 2526 probavit,
248 2453 360 2527 quippe
377 2453 428 2526 qui
452 2471 556 2526 parum
578 2451 717 2509 differant
733 2451 771 2508 ab
789 2450 927 2523 Aeschyli
950 2461 977 2507 et
995 2451 1153 2525 Sophoclis
1176 2450 1253 2506 simi·

81 2557 159 2614 libus
173 2558 211 2614 de
224 2569 285 2615 arte
296 2557 414 2615 medica
427 2556 689 2631 enunciatis,velut
700 2555 745 2613 his
756 2555 794 2613 ab
809 2555 874 2630 ipso
883 2556 1101 2630 Darembergio
1110 2555 1251 2615 laudatis:

191 2667 289 2722 Prom.
316 2682 378 2736 474
403 2682 488 2737 seqq.
514 2663 556 2720 ita
579 2662 709 2736 loquitur
732 2663 856 2719 chorus:

242 2802 286 2811 -
310 2767 409 2844 κακὸς
432 2765 569 2852 δ’ἰατρὸς
592 2761 636 2842 οῗς
659 2791 706 2840 τις
730 2765 762 2842 ἐς
786 2765 882 2828 νόσον

244 2872 356 2938 ποσσὶν
380 2871 522 2955 ἅθυμεῐς
545 2880 601 2935 καὶ
626 2870 765 2934 σεαυτόν
787 2870 845 2935 οὐκ
869 2867 951 2951 ἔχεις

243 2980 348 3063 εὑρεῖν
371 2973 494 3049 «inolere
517 2977 701 3064 φαρμάκοις
725 2972 861 3057 ἰάσιμος.

191 3088 350 3163 Sophoclis
374 3087 503 3156 fabulae,
528 3104 606 3160 quae
630 3084 799 3142 inscribitur
826 3077 954 3168 Tppatig.
980 3085 1038 3141 hoc
1061 3094 1156 3142 exstat
1180 3086 1252 3161 frag·

81 3204 216 3252 mentum
241 3193 290 3268 (cf.
318 3194 431 3253 Nauck.
457 3213 486 3250 n.
514 3192 598 3268 538).

244 3295 332 3374 ὅστις
355 3293 418 3383 >uio
441 3297 478 3361 ἐν
501 3311 625 3360 κακοῖσι
651 3302 823 3378 θυμωθεὶς
845 3299 974 3377 βροτῶν

242 3406 354 3485 μεῖζον
377 3402 560 3490 προσάπτει
583 3407 640 3487 τῆς
663 3403 758 3466 τόσον
781 3401 817 3466 τὸ
842 3399 1016 3486 φάρμακον

242 3507 354 3598 ἰατρός
377 3510 466 3573 ἐστιν
489 3511 547 3575 οὐκ
570 3509 880 3592 incomparanda

915 3626 954 3665 581
958 3627 972 3704 s

190 3637 329 3710 Denique
353 3636 454 3693 Aiacis
478 3635 599 3693 fabulae
629 3634 765 3693 conseras
788 3652 889 3692 versus
973 3651 1018 3692 sa:
1046 3665 1088 3674 ——

242 3731 280 3806 mi
304 3735 385 3824 προς
408 3737 524 3823 ἰατροῦ
547 3744 646 3822 σοφοῦ

244 3853 383 3932 θρηνεῖν
407 3841 538 3932 ἐπῳδάς
562 3839 644 3930 προς
666 3846 805 3926 τομῶνττ
830 3841 968 3928 πήματι.

191 3955 229 4012 At
252 3954 351 4023 enim,
382 3964 525 4028 quantum
549 3971 650 4011 revera
680 3953 793 4010 intersit
827 3954 883 4010 hac
907 3953 936 4009 in
971 3970 1001 4008 re
1024 3951 1101 4008 inter
1123 3951 1251 4025 tragicos

80 4073 209 4130 nostros
242 4060 303 4118 duo
335 4060 521 4134 potissimum
554 4059 625 4115 mihi
654 4069 798 4116 testantur
828 4061 1002 4133 fragmenta,
1028 4076 1105 4131 quae
1130 4059 1251 4114 Darem-

80 4167 217 4241 bergium
241 4165 312 4223 satis
336 4164 427 4221 miror
450 4182 569 4238 prorsus
593 4163 788 4238 praeteriisse.

190 4272 332 4337 Fabulae,
358 4289 418 4344 qua
442 4269 702 4344 Bellerophontem
727 4289 744 4325 a
769 4271 840 4326 love
872 4279 993 4344 propter
1016 4267 1136 4325 nimiam
1161 4268 1250 4326 iacta-

80 4379 195 4438 tionem
218 4377 336 4436 insania
360 4377 497 4435 affectum
515 4375 545 4434 in
569 4393 691 4434 scenam
708 4374 865 4453 Euripides
889 4375 1013 4444 induxit,
1031 4383 1170 4452 quattuor
1193 4393 1250 4433 ser·
