2978 5122
625 315 848 353 ...20-

151 483 298 575 ἴμματος
343 485 469 576 θράσος
515 484 799 574 παροκροοστιιιόν
854 499 910 553 καὶ
951 485 1080 574 ἴῤῥιψις
1127 495 1183 552 καὶ
1230 482 1328 552 κατά·

150 598 263 674 κλασις
286 595 389 662 κακόν
413 632 453 641 -
478 607 507 656 et
530 616 609 672 quae
641 598 672 654 in
696 598 864 656 universum
892 598 1091 673 Hippocrates
1123 596 1212 669 initio
1245 614 1327 672 prae·

150 705 307 763 notionum
332 705 400 763 libri
424 706 463 763 de
486 705 574 763 faciei
599 705 630 761 in
654 704 766 761 morbis
789 705 883 762 acutis
906 704 1071 761 mutatione
1094 703 1189 762 dicit:
1217 737 1260 745 -
1287 734 1325 743 -

151 818 206 873 ιιαῐ
228 806 334 873 τᾶλλα
365 824 481 895 σημεῖα
505 815 708 873 σκέπτεσθαι
740 808 802 888 [sel.
827 806 899 892 χρῆἷ
913 880 916 885 Ι
931 807 975 871 τά
998 833 1034 871 τε
1063 807 1100 872 έν
1122 811 1171 895 τῷ
1196 806 1328 887 σώματι

151 926 206 981 καὶ
229 914 271 980 τοὶ
296 914 333 980 έν
357 931 458 980 τοῖσιν
487 912 710 997 ὅφθαλμοῑσιν
735 934 741 945 ·
769 911 809 999 ἢν
830 911 894 998 γαρ
925 949 968 959 -
991 949 1033 960 -
1067 913 1326 1000 διαστρέφονται

219 1057 261 1068 -
285 1019 327 1106 ἢν
348 1017 390 1086 τοῖ
415 1018 514 1086 λευκοὶ
539 1015 666 1107 ἐρυθροὶ
689 1024 819 1102 ἴσχωσιν
843 1056 885 1063 -
901 1054 945 1064 -
967 1023 1074 1086 ταῦτα
1099 1016 1216 1085 πάντα
1240 1018 1325 1084 κακοὶ

151 1130 295 1212 νομίζειν
310 1147 316 1160 “
337 1131 442 1187 Paullo
461 1129 538 1186 infra
554 1129 699 1204 legimus:
717 1123 758 1211 ἢν
772 1125 836 1211 γαρ
853 1131 888 1191 αλ
906 1125 1002 1215 ὄψιες
1015 1123 1125 1192 πυκνοὶ
1139 1136 1326 1207 κινέωνται,

149 1233 300 1319 μανῆναι
322 1233 447 1306 τούτοις
470 1233 572 1310 ἐλπίς.
598 1269 642 1279 -

260 1360 354 1418 Vides
389 1359 478 1434 igitur
508 1359 538 1416 in
562 1359 715 1434 Euripidis
738 1359 940 1434 descriptione
971 1359 1018 1416 vix
1048 1360 1231 1416 offensurum
1262 1377 1327 1417 esse

155 1467 381 1542 Hippocratem.
444 1466 573 1524 Necnon
596 1466 709 1540 optime
733 1465 772 1523 ad
795 1465 918 1523 furentis
941 1464 1101 1539 imaginem
1126 1465 1256 1539 quadrat
1271 1475 1327 1523 tur-

150 1573 239 1631 bidus
264 1571 402 1630 Herculis
427 1571 519 1641 risus,
545 1572 584 1630 de
615 1590 676 1646 quo
707 1571 832 1646 legimus
864 1572 894 1628 in
926 1571 1118 1645 aphorismis:
1155 1573 1192 1634 ni
1221 1595 1326 1657 παρα-

152 1671 311 1762 φροσύναι
349 1680 384 1740 αλ
411 1681 474 1759 μὲν
500 1671 583 1759 μετα
611 1677 746 1756 γέλωτος
772 1674 963 1758 γιγνόμεναι
991 1674 1255 1760 ἄσφαλέστεραι,
1293 1681 1327 1741 αλ

154 1783 191 1847 δὲ
222 1779 306 1866 μετα
341 1784 485 1866 σπουδῆς
516 1782 799 1867 ἕποσφαλέστοραι.
870 1787 1003 1860 Apparet
1048 1802 1084 1842 ex
1126 1784 1173 1841 his
1216 1785 1326 1855 verbis,

153 1890 288 1949 medicos
306 1891 441 1949 Graecos
465 1901 603 1948 accurate
627 1891 811 1955 observasse,
837 1902 932 1947 utrum
949 1909 1016 1948 curn
1041 1890 1099 1947 risu
1122 1909 1161 1948 an
1178 1891 1246 1949 sine
1270 1891 1328 1949 risu

153 1999 236 2056 tieret
268 1997 394 2065 insania,
427 2007 518 2072 atque
549 1996 608 2054 risu
639 1997 858 2072 prosperiorem
891 1998 1028 2055 statuisse
1056 1997 1154 2054 morbi
1187 2008 1328 2056 eventum

153 2103 327 2178 significari.
376 2099 526 2182 Ceterum
541 2103 618 2161 Aiax
642 2121 763 2178 quoque
791 2103 868 2161 ridet
891 2103 996 2161 suroris
1027 2103 1138 2178 impetu
1163 2121 1326 2179 oppressus

153 2210 192 2268 cs.
217 2228 260 2270 vs.
286 2228 361 2284 303.

261 2318 360 2390 Atque
372 2316 411 2374 de
427 2315 512 2373 initio
536 2315 671 2374 insaniae
693 2314 853 2374 hacteuus!
879 2317 1106 2391 Comparemus,
1125 2335 1185 2390 qua
1211 2317 1328 2374 ratione

154 2422 395 2499 progredientem
419 2422 557 2479 morbum
582 2433 706 2496 uterque
729 2423 929 2498 descripserit.

261 2527 391 2586 Primum
415 2527 504 2602 igitur
526 2546 563 2586 eo
593 2528 734 2586 diffemnt
757 2528 832 2587 Aiax
856 2541 885 2586 et
909 2530 1064 2597 Hercules,
1090 2529 1173 2603 quod
1208 2528 1328 2587 consilii

154 2634 185 2692 in
208 2634 260 2692 illo
284 2634 366 2691 nulla
389 2634 422 2691 tit
444 2630 581 2702 mutati0,
606 2635 659 2693 sed
688 2644 779 2693 tenax
810 2647 855 2694 est
879 2654 992 2706 eorum,
1017 2653 1094 2710 quae
1126 2654 1203 2693 sana
1228 2646 1327 2694 mente

154 2739 213 2798 sibi
236 2750 442 2815 proposuerat,
466 2739 581 2814 quippe
604 2741 660 2814 qui*
678 2741 817 2799 inimicos
841 2741 899 2799 sibi
923 2742 1058 2799 videatur
1086 2741 1257 2800 interficere
1280 2759 1328 2817 pe·

154 2846 264 2904 cudum
289 2845 382 2904 edens
405 2856 543 2921 stragem.
592 2848 739 2905 Hercules
761 2866 833 2906 vero
858 2866 978 2923 prorsus
1007 2847 1166 2905 abducitur
1189 2867 1209 2906 a
1234 2848 1328 2906 consi·

154 2953 207 3021 lio,
233 2951 315 3026 quod
339 2951 399 3009 iam
430 2961 493 3009 erat
516 2953 684 3019 effecturus,
716 2952 824 3010 mentis
854 2952 1045 3011 alienatione.
1094 2952 1215 3011 Omittit
1247 2973 1328 3012 sacra

155 3067 261 3134 parata
283 3069 312 3115 et
336 3057 478 3115 inchoata
501 3058 687 3133 caedemque
709 3069 831 3134 repente
854 3058 1042 3116 machinatur
1064 3059 1093 3115 in
1119 3060 1327 3134 Eurystheum,

156 3182 235 3239 quae
258 3162 401 3239 cogitatio
430 3181 497 3220 curn
525 3182 544 3221 a
570 3174 634 3222 tota
660 3165 804 3222 dramatis
829 3165 947 3223 actione
979 3164 1017 3222 sit
1049 3164 1235 3224 alienissima
1268 3177 1327 3224 tum

156 3270 307 3344 discrepat
330 3279 421 3344 atque
443 3278 557 3344 pugnat
584 3270 844 3331 vehementissime
867 3290 934 3328 cum
966 3271 1116 3346 praesenti
1148 3271 1212 3330 eius
1249 3292 1327 3332 cura.

156 3376 262 3433 Subito
286 3375 375 3449 igitur
396 3375 531 3432 videmus
564 3376 689 3434 existere
722 3387 845 3451 aegroto
878 3395 970 3434 novas
1004 3394 1100 3446 curas,
1125 3376 1327 3454 ineptissimas

156 3482 225 3538 huic
249 3479 391 3556 temporis
415 3492 578 3551 momento,
603 3500 680 3556 quae
712 3501 780 3541 eum
804 3483 955 3557 abripiunt
982 3483 1022 3540 ab
1046 3500 1100 3552 eo,
1125 3485 1210 3558 quod
1236 3487 1328 3546 modo

155 3587 212 3645 sibi
246 3596 459 3662 proposuerat,
490 3587 529 3645 ad
561 3587 688 3646 consilia
722 3589 812 3663 plane
843 3588 968 3648 diversa.
1016 3589 1098 3647 Idem
1131 3590 1330 3652 observavere

156 3692 266 3752 medici
291 3693 408 3760 Graeci,
426 3693 509 3767 quod
532 3693 660 3751 auctoris
684 3694 723 3752 de
744 3695 851 3752 morbo
874 3713 960 3752 sacro
984 3695 1058 3753 haec
1082 3694 1194 3754 docent
1219 3701 1330 3762 verba:

157 3798 205 3874 (cs.
231 3801 265 3858 L.
291 3799 381 3875 Μ
408 3819 455 3870 14.
481 3818 549 3874 pag.
575 3800 652 3877 386)
676 3804 725 3883 τρῖ
748 3800 784 3864 δὲ
809 3797 898 3886 αὐτῷ
920 3798 1025 3888 τούτῳ
1048 3809 1104 3864 καὶ
1126 3801 1330 3883 μαινόμεθα

157 3903 220 3981 (sel.
254 3901 393 3986 cerebro)
425 3913 482 3968 καὶ
521 3913 797 3992 παραφρονέομιν
818 3916 873 3970 καὶ
897 3941 940 3949 -
965 3941 1004 3950 ··-
1035 3942 1069 3950 -
1102 3919 1332 3994 παρίστανται

156 4007 235 4094 ἡμῖν
252 4045 292 4055 -
312 4045 348 4053 -
376 4009 537 4074 πλάνοι
560 4007 738 4096 ἄκαιροι
762 4019 820 4074 καὶ
842 4013 1077 4098 φροντίδος
1101 4014 1172 4096 οὐχ
1195 4018 1332 4100 inveri-

155 4141 289 4200 μενοι
306 4153 346 4161 --
364 4126 420 4181 καὶ
444 4113 603 4202 οἷγωσίη
627 4119 712 4181 τῶν
734 4120 1068 4186 καθιστεώτων.
1109 4123 1219 4182 Mirum
1239 4145 1330 4201 quan·

157 4234 217 4281 tum
259 4242 327 4282 cum
360 4224 469 4282 medici
503 4225 600 4282 verbis
630 4225 781 4300 Euripidis
813 4228 973 4286 conveniat
1008 4228 1179 4303 descriptio.
1254 4233 1332 4291 Nam

157 4331 245 4388 etiam
264 4331 409 4388 Hercules
426 4330 640 4405 intempestivis
663 4333 774 4390 fallitur
791 4334 948 4403 erroribus,
966 4334 1074 4409 ineptis
1094 4335 1225 4395 afficitur
1243 4339 1332 4409 curis,

158 4437 263 4511 nescit,
287 4435 360 4514 quid
392 4455 507 4496 asano
530 4439 708 4515 postulasset
742 4457 884 4518 praesens
917 4451 1043 4519 tempus.
1090 4441 1227 4519 Uterque
1262 4464 1334 4506 vero
