2978 5122
633 273 854 328 ..13-

266 450 412 508 Nimirum
445 459 534 508 antea
558 450 704 507 Hercules
729 449 863 523 mythum
886 459 1003 506 secutus
1037 448 1170 506 invectus
1205 458 1267 506 erat
1298 447 1328 504 in

154 558 314 626 Iunonem,
336 577 415 614 nunc
439 577 505 614 cum
531 567 621 631 poeta
645 556 711 630 ipso
735 555 850 613 dubitat
875 556 912 613 de
944 555 1065 614 veritate
1097 555 1222 615 illorum.
1271 555 1328 611 Ne-

156 663 248 720 fastas
273 681 337 720 csse
361 665 444 720 fictas
469 664 535 719 illas
559 662 598 719 de
622 662 678 718 diis
709 661 892 718 narrationes
923 673 1024 735 aperte
1056 662 1164 719 fatetur
1198 661 1328 734 itemque

156 771 266 826 morbo
290 769 481 828 succubuisse
506 787 546 837 se,
573 787 632 824 non
663 768 724 824 irae
756 767 842 826 deae.
891 766 966 825 lnde
998 767 1117 824 vivendi
1150 767 1206 823 sibi
1241 768 1329 824 sumit

156 876 299 932 animum.
349 875 451 950 Ignavi
476 875 555 932 enim
581 893 654 940 esse,
680 873 776 930 morbi
801 892 891 930 causa
914 874 1005 930 vitam
1029 874 1138 947 fugere.
1182 873 1328 930 Videmus

96 1008 101 1014 ·
155 980 248 1055 igitur
270 981 393 1038 Aiacem
428 981 559 1038 ideone
589 980 714 1054 cogitari
738 980 859 1054 quidem
885 999 974 1055 posse
998 980 1061 1037 sine
1087 980 1231 1048 Minerva,
1257 981 1328 1054 quia

156 1089 348 1144 consentiunt
372 1087 410 1144 de
434 1087 496 1143 eius
529 1086 705 1144 auctoritate
729 1086 876 1153 homines,
909 1096 1012 1142 contra
1043 1086 1073 1141 in
1099 1088 1229 1143 Hercule
1253 1085 1327 1143 deos
1375 1109 1376 1112 ¹

156 1193 198 1250 ab
223 1193 340 1261 actione
372 1192 460 1250 anxie
481 1203 612 1250 remotos
643 1210 726 1261 esse,
756 1191 828 1265 quia
856 1202 951 1248 utrum
980 1192 1038 1249 sint
1066 1210 1161 1250 necne
1189 1193 1264 1250 inter
1295 1212 1327 1249 se.

156 1300 407 1374 philosophantur
430 1299 577 1356 homines

266 1408 351 1462 Haec
375 1405 476 1472 habui,
502 1423 579 1479 quae
603 1405 641 1462 de
665 1404 829 1462 dramatica
861 1404 995 1462 insaniae
1031 1405 1208 1462 tractatione
1238 1423 1328 1480 expo·

155 1524 269 1570 nerem.
316 1511 464 1585 Sequitur,
489 1522 519 1567 ut
544 1511 641 1568 morbi
665 1510 883 1584 descriptiones
907 1510 1072 1568 accuratius
1096 1511 1172 1568 inter
1194 1530 1226 1569 se
1247 1530 1327 1568 com-

154 1636 305 1692 paremus.

265 1727 364 1797 Atque
388 1723 530 1781 interesse
554 1722 673 1796 qtudem
699 1722 813 1796 aliquid
837 1723 894 1780 hac
917 1722 947 1778 in
972 1740 1002 1779 re
1027 1722 1102 1793 inter
1124 1723 1252 1797 tragicos
1276 1742 1326 1780 no-

155 1841 244 1898 stros,
270 1831 315 1887 vel
339 1848 375 1887 ex
399 1829 434 1886 iis
459 1828 695 1895 ratiocinaberi5‚
714 1846 792 1902 quae
808 1829 952 1886 hactenus
969 1828 1119 1903 disputata
1136 1840 1212 1889 sunt.
1249 1830 1327 1886 Nam

155 1955 208 2029 qui
237 1973 353 2011 mecum
381 1932 615 2010 consideraverit
638 1971 692 2021 ea,
723 1953 761 2008 de
785 1953 895 2025 turibus
925 1970 1014 2026 supra
1038 1951 1270 2027 disputavimus,
1296 1953 1326 2009 in

154 2060 255 2118 morbi
279 2059 480 2134 descriptione
511 2058 558 2114 vix
583 2059 709 2115 eandem
741 2057 925 2132 exspectabit
956 2076 1056 2115 (utram
1080 2058 1327 2132 diligentiamque

154 2168 187 2224 in
212 2185 249 2223 eo
266 2177 364 2240 poeta,
382 2165 433 2240 qui
458 2164 604 2222 insaniam
629 2183 748 2239 prorsus
774 2183 949 2239 suspensam
973 2183 1038 2222 esse
1053 2165 1145 2221 voluit
1169 2166 1326 2223 adeorum

154 2273 330 2339 voluntate,
365 2289 454 2345 quam
488 2270 518 2326 in
551 2265 608 2338 e0,
644 2269 694 2343 qui
729 2272 859 2327 humana
892 2283 982 2343 atque
1017 2270 1118 2328 divina
1152 2290 1219 2328 eum
1256 2290 1326 2328 cura

154 2378 299 2435 distinxit.
348 2380 447 2451 Atque
482 2375 534 2445 id,
563 2377 645 2450 quod
680 2377 723 2434 sic
747 2377 974 2444 concludimus,
1009 2378 1141 2434 firmatur
1174 2379 1326 2435 luculento

153 2485 294 2559 exemplo
318 2483 412 2541 nuntii
437 2468 517 2557 apud
542 2483 713 2558 Euripidem
738 2483 916 2541 narratione.

264 2608 364 2680 Quam
389 2626 456 2664 cum
481 2608 600 2681 egregie
623 2625 718 2682 nuper
741 2608 910 2665 tractaverit
932 2607 1127 2665 Wilamotvitz
1152 2609 1170 2666 l.
1196 2609 1214 2666 l.
1240 2619 1250 2665 t
1286 2611 1324 2669 ll.

153 2733 224 2789 pgg.
254 2732 314 2786 223
330 2732 419 2787 sqq„
440 2712 592 2770 mirabitur
616 2713 749 2782 fortasse,
768 2713 819 2787 qui
843 2713 942 2771 denuo
967 2714 996 2770 in
1022 2714 1226 2788 quaestionem
1245 2715 1326 2773 videt

153 2819 266 2876 vocari.
314 2818 456 2876 Tironem
488 2829 566 2877 certe
596 2819 706 2878 nimiae
738 2819 885 2877 incusabit
915 2819 1059 2877 audaciae
1092 2820 1176 2877 huius
1208 2821 1261 2878 viri
1294 2822 1325 2878 in

152 2925 333 2982 tractatione
356 2924 546 2999 acquiescere
569 2927 730 2984 nolentem.

264 3033 398 3088 Provoco
423 3042 522 3089 tamen
554 3031 593 3089 ad
622 3033 717 3106 ipsum
742 3031 1020 3113 Wilamowitziumn,
1046 3033 1098 3106 qui
1121 3051 1188 3090 cum
1214 3035 1325 3107 Lyssae

153 3138 248 3194 verba
270 3154 370 3193 versus
404 3139 422 3194 8
449 3140 499 3199 61,
533 3137 572 3195 ad
604 3137 719 3195 initium
746 3137 880 3195 insaniae
904 3138 1069 3212 spectantia
1101 3140 1238 3213 exemplo
1262 3139 1324 3196 illu·

154 3243 256 3300 stravit
284 3261 319 3300 ex
344 3243 537 3317 Hippocratis
571 3244 770 3319 prognosticis
793 3255 911 3318 sumpto
942 3263 1051 3302 novam
1077 3246 1168 3302 movit
1199 3247 1323 3319 quaesti·

155 3369 245 3407 ouem
277 3349 443 3406 accuratius
477 3359 601 3408 tractatu
635 3352 715 3407 haud
739 3350 904 3425 indignam,
939 3369 1069 3424 quamam
1101 3371 1168 3409 cum
1202 3353 1323 3410 veritate

155 3456 278 3514 furentis
313 3456 452 3513 Herculis
487 3455 646 3531 imaginem
681 3457 838 3532 Euripides
873 3457 1058 3531 expresserit.
1106 3459 1203 3515 Huius
1236 3458 1324 3533 igitur

155 3581 296 3637 premens
312 3561 437 3636 vestigia
461 3562 539 3620 hanc
563 3562 602 3620 de
625 3563 720 3619 nuutii
744 3563 913 3619 narratione
937 3562 1057 3618 instituo
1082 3563 1322 3638 disputationem.

262 3670 362 3742 Atque
379 3667 458 3741 prius
474 3667 533 3725 iarn
550 3669 580 3726 in
595 3669 772 3742 tragicorum
791 3669 975 3726 Graecorum
1000 3669 1168 3728 medicinae
1184 3671 1323 3729 scientias

154 3774 227 3831 data
251 3792 343 3848 opera
375 3785 418 3832 est
442 3774 625 3849 inquisitum.
673 3776 859 3848 Daremberg
884 3775 984 3844 enim,
1010 3776 1053 3832 vir
1076 3777 1281 3846 doctissimus,
1307 3797 1323 3835 e

155 3880 252 3956 poetis
276 3879 492 3954 historicisque,
518 3881 568 3954 qui
601 3882 717 3939 suerunt
741 3882 811 3939 inde
845 3882 883 3938 ab
909 3884 1043 3939 Homero
1067 3902 1162 3956 usque
1186 3885 1224 3941 ad
1249 3885 1320 3959 Hip·

155 3985 286 4062 pocratis
314 3995 441 4043 aetatem
466 4005 568 4044 emere
592 3998 717 4044 conatus
741 3997 805 4056 est,
840 4007 917 4062 quae
950 3990 989 4045 ad
1024 3989 1192 4046 medicinae
1216 3999 1323 4047 statum

154 4091 332 4165 pertineant,
357 4092 536 4150 testimonia.
564 4087 612 4172 (cs.
648 4095 748 4150 Revue
779 4095 908 4151 archeol.
934 4096 971 4153 X.
998 4100 1093 4151 anuee
1117 4114 1146 4152 n.
1175 4114 1198 4154 s
1230 4097 1321 4169 1869.

154 4217 225 4273 pgg.
252 4201 391 4272 63-172,
422 4218 479 4272 199
531 4194 614 4278 212.)
664 4201 764 4273 Atque
788 4200 870 4273 quod
894 4201 998 4258 attinet
1021 4203 1059 4258 ad
1084 4201 1267 4276 Euripidem,
1292 4201 1323 4258 in

155 4305 201 4363 his
225 4304 411 4379 potissimum
435 4305 589 4363 sententiis
613 4296 739 4380 magnae
756 4316 826 4362 tunc
850 4307 991 4382 temporis
1019 4307 1089 4365 artis
1104 4307 1239 4367 medicae
1256 4326 1323 4365 auc-

154 4411 284 4472 toritatis
307 4421 388 4473 certa
411 4412 548 4488 agnoscit
571 4411 763 4473 documenta.
