2978 5122
258 1131 397 1188 Insaniae
421 1149 439 1186 a
463 1129 558 1204 poetis
581 1128 701 1204 tragicis
724 1138 869 1188 tractatae
893 1131 954 1188 duo
984 1139 1051 1187 sunt
1084 1148 1195 1205 genera
1227 1147 1323 1205 eaque

152 1237 279 1303 diversa,
298 1238 422 1293 alterum
447 1234 528 1291 Ionis
552 1244 581 1291 et
598 1234 723 1304 Orestis,
749 1235 872 1292 alterum
890 1234 992 1292 Aiacis
1010 1235 1218 1310 Herculisque.
1258 1236 1323 1293 Nec

152 1343 283 1412 difficile,
309 1341 463 1416 quomodo
488 1340 634 1409 differant,
660 1338 847 1413 intellegitur.
896 1339 974 1396 Nam
1008 1339 1084 1397 Aiax
1117 1349 1145 1398 et
1177 1342 1322 1398 Hercules

152 1459 250 1505 niente
275 1446 406 1505 destituti
431 1446 504 1502 alios
529 1456 754 1520 persequuntur,
781 1445 902 1503 Orestes
927 1463 998 1502 vero
1031 1455 1059 1502 et
1082 1447 1116 1523 Io
1148 1456 1269 1522 propter
1292 1447 1322 1504 id

152 1555 258 1628 ipsum,
285 1553 366 1627 quod
391 1553 430 1608 ab
462 1552 527 1608 aliis
561 1551 711 1626 agitantur
742 1552 789 1610 vel
812 1550 916 1625 agitari
950 1550 1007 1607 sibi
1032 1551 1181 1621 videntur,
1206 1553 1324 1610 insania
1392 1621 1394 1624 Ι
1439 1547 1440 1550 '

151 1659 358 1733 corripiuntur.
400 1651 521 1732 'Sponte
561 1657 650 1730 igitur
682 1657 896 1714 dissertationis
930 1658 1008 1714 duae
1048 1657 1181 1715 oriuntur
1214 1669 1322 1733 parteS,

152 1783 276 1839 quarum
310 1764 408 1838 priore
440 1764 478 1820 de
502 1763 597 1820 Aiace
630 1773 659 1820 et
683 1764 825 1832 Hercule,
860 1764 952 1821 altera
986 1763 1024 1820 de
1049 1765 1123 1821 Ione
1155 1774 1183 1821 et
1217 1765 1324 1822 Oreste

152 1872 339 1928 disseremus.
389 1869 481 1942 Quod
504 1878 610 1926 tamenv
627 1879 786 1943 antequam
811 1868 966 1938 faciamus,
984 1869 1022 1926 de
1046 1869 1254 1944 disputationis
1279 1889 1323 1927 or-

152 1977 223 2034 dine
247 1986 276 2034 et
300 1976 414 2033 ratione
439 1993 534 2060 pauca
557 1993 807 2050 praemoneamus
831 1993 956 2032 necesse
980 1985 1032 2032 est.

259 2082 381 2139 Aiacem
407 2091 435 2138 et
460 2081 620 2138 Herculem
645 2081 743 2138 furore
767 2091 919 2156 correptos
943 2099 1002 2155 qua
1026 2092 1088 2139 arte
1113 2081 1325 2156 descripserint

152 2189 317 2262 Sophocles
342 2198 370 2244 et
396 2186 552 2262 Euripides
577 2186 599 2243 si
625 2186 691 2260 quis
716 2187 787 2244 data
820 2204 913 2262 opera
936 2187 998 2244 vult
1021 2188 1207 2262 perscrutari,
1232 2188 1323 2264 prius·

152 2312 242 2367 quam
266 2302 420 2368 comparet
444 2293 595 2367 utriusque
618 2303 726 2367 poetae
750 2293 780 2351 in
806 2293 1007 2352 describendo
1032 2295 1138 2351 morbo
1162 2294 1320 2362 rationem,

153 2400 191 2456 de
214 2398 351 2471 universa
376 2399 551 2466 fabularum,
577 2398 616 2455 de
647 2398 755 2472 quibus
781 2399 885 2473 agitur,
911 2400 1014 2457 indole
1038 2409 1066 2457 et
1099 2400 1195 2457 forma
1218 2400 1322 2475 paucis

152 2505 242 2562 debet
259 2523 418 2579 exponere.
444 2505 521 2561 Nam
540 2522 686 2578 perpensa
702 2504 822 2562 demum
839 2504 959 2580 propria
971 2506 1138 2563 dramatum
1157 2505 1322 2580 argumenti

152 2621 258 2667 natura
288 2620 317 2667 et
340 2610 498 2684 diligenter
522 2611 675 2684 explorato
708 2620 816 2684 poetae
847 2611 973 2667 consilio
1007 2610 1152 2668 accedere
1182 2611 1322 2668 convenit

152 2717 191 2772 ad
215 2717 311 2773 morbi
336 2715 543 2790 descriptionis
577 2715 844 2790 comparationem.
891 2717 985 2796 Erunt
1009 2715 1097 2790 igitur
1127 2717 1188 2774 duo
1221 2717 1319 2786 huius,

152 2822 244 2896 partis
270 2822 377 2897 capita.
426 2824 524 2895 Atque
541 2820 639 2895 priore
663 2821 701 2878 de
717 2821 882 2879 dramatica
906 2819 947 2893 (ut
970 2833 1073 2879 nostro
1094 2822 1216 2881 dicendi
1240 2839 1323 2880 more

152 2923 240 3007 utar),
252 2928 386 2985 insaniae
395 2928 580 2998 tractatione,
590 2927 754 3003 posteriore
766 2928 805 2984 de
815 2928 911 2985 morbi
920 2946 1103 3003 exponemus
1111 2928 1321 3003 descriptione.

261 3034 400 3102 Fabulae,
419 3051 497 3108 quae
520 3033 690 3091 inscribitur
705 3035 792 3108 Αἴας
814 3031 1057 3119 μαστιγοφόρος,
1084 3034 1169 3092 initio
1186 3033 1322 3092 Minerva

153 3140 333 3197 emachina
363 3140 491 3214 loquens
523 3140 643 3197 Ulixem
679 3139 791 3197 circum
816 3139 918 3197 Aiacis
951 3140 1109 3198 tentorium
1141 3140 1233 3198 modo
1263 3141 1322 3197 buc

153 3246 245 3302 modo
269 3246 339 3302 illuc
363 3246 565 3304 ambulantem
591 3246 761 3318 interrogat,
788 3263 841 3302 cur
872 3256 985 3313 tantum
1012 3257 1105 3321 ponat
1137 3246 1266 3305 studium
1291 3246 1321 3302 in

152 3352 358 3425 explorando,
383 3369 457 3426 quas
492 3351 566 3409 Aiax
599 3361 691 3408 struat
724 3351 857 3421 insidias,
883 3353 934 3426 qui
969 3351 1047 3409 intus
1077 3352 1181 3411 sedeat
1213 3352 1322 3409 sudore

153 3475 290 3514 manans.
325 3456 380 3514 Cui
397 3456 559 3530 respondet
572 3455 676 3513 Ulixes
689 3469 727 3512 se¹
737 3455 838 3513 Aiacis
855 3474 997 3531 quaerere
1014 3456 1138 3530 vestigia
1154 3475 1257 3514 recens
1270 3456 1321 3515 im·

154 3580 263 3636 pressa,
290 3561 404 3637 quippe
427 3562 478 3635 qui
502 3571 592 3618 nocte
625 3561 761 3635 proxima
786 3561 890 3619 mirum
914 3562 1014 3619 obisse
1037 3561 1173 3620 videatur
1195 3563 1320 3624 facinus

152 3667 305 3724 Invenisse
329 3668 407 3724 enim
424 3668 563 3725 Achaeos
585 3678 729 3734 armenta,
747 3685 825 3741 quae
840 3667 1015 3741 praedando
1031 3668 1204 3742 abegerant,
1221 3668 1322 3730 omnia

152 3792 241 3828 caesa
259 3773 400 3847 ipsosque
425 3782 557 3848 pastores
574 3772 754 3841 trucidatos3
780 3773 862 3847 quod
879 3777 989 3830 lactum
1013 3774 1051 3831 ad
1068 3773 1192 3830 Aiacem
1216 3790 1321 3831 omnes

152 3880 271 3948 referre,
297 3880 347 3953 qui
371 3880 503 3953 gladium
528 3890 632 3936 tenens
657 3897 762 3936 cruore
785 3880 987 3936 humectatum
1021 3897 1038 3935 a
1062 3879 1248 3953 speculatore
1270 3877 1320 3936 ali-

153 4003 214 4059 quo
231 3985 268 4041 sit
284 3994 473 4059 conspectus.
508 3984 686 4059 Opportune
707 3984 795 4058 igitur
812 3984 918 4042 adesse
941 3984 1040 4051 deam,
1058 3993 1202 4058 quaeant
1223 3987 1321 4042 lacere

153 4090 244 4147 fidem
270 4099 319 4146 aut
342 4091 462 4148 demere
487 4089 742 4164 possitgravibus
766 4090 805 4148 de
828 4089 923 4147 Aiace
945 4089 1122 4147 rumoribus.

260 4196 426 4253 Confirmat
442 4195 586 4263 Minerva,
605 4195 647 4252 rei
669 4195 827 4271 praeterita
841 4206 931 4254 nocte
954 4205 1056 4272 gestae
1079 4203 1231 4254 auctorem
1255 4211 1321 4257 esse

153 4303 279 4362 Aiacem
302 4311 332 4362 et
354 4300 548 4379 interroganti
571 4301 669 4361 Ulixi:

1257 4688 1471 4838 Ι·
