2978 5122
580 270 799 337 ..4‚...

110 471 128 528 y
149 469 274 529 occupe,
298 452 328 513 la
351 472 440 514 cause
462 453 502 514 de
524 452 555 513 la
576 451 744 532 puissance,
771 453 842 531 qu’il
865 475 884 531 y
907 474 924 515 a
954 457 1087 527 exercee,
1122 460 1186 514 tout
1208 449 1274 514 cela

111 569 151 616 est
176 560 250 618 dans
274 562 408 631 la‚·lorce
432 564 486 621 des
510 563 672 622 anciennes
703 563 862 634 doctrines,
888 564 961 640 qu'il
992 565 1154 632 embrassa,
1188 561 1274 620 deve·

108 666 213 741 loppa,
238 669 349 726 soutint
374 689 446 729 avec
469 671 572 741 taient,
598 672 737 746 employa
760 690 833 729 avec
857 672 993 730 bonheur
1008 680 1037 728 et
1052 669 1187 728 transmit
1203 667 1274 743 plei-

106 790 160 829 nes
184 773 222 831 de
246 774 302 844 vie,
328 776 366 834 de
390 778 471 834 force
495 787 524 836 et
547 778 585 836 de
609 778 792 852 prosondeur
815 780 833 835 a
857 778 886 835 la
902 776 1052 852 poste'rite.
1102 775 1189 848 Quae
1206 792 1274 831 cum

104 877 149 935 ita
171 879 238 949 sint,
263 883 382 957 corpori
405 884 582 959 scriptorum
599 883 883 959 Hippocraticorum
906 883 969 941 iure
992 882 1064 939 mihi
1087 881 1192 940 videor
1207 899 1274 939 eam

98 986 263 1045 attribuere
287 990 502 1059 auctoritatem,
528 1002 558 1048 ut
581 993 746 1049 referantur
768 991 799 1048 in
823 1011 859 1050 eo
884 990 1038 1050 universae
1054 988 1153 1064 potius
1169 987 1274 1046 veteris

99 1093 274 1152 medicinae
300 1096 436 1154 Graecae
460 1098 581 1156 decreta
605 1109 633 1156 et
657 1098 832 1158 sententiae.

213 1203 328 1260 Tamen
352 1204 428 1270 libri.
455 1204 505 1278 qui
530 1213 603 1290 rupi
626 1201 712 1290 ἱερῆς
735 1203 849 1269 νούσου
872 1203 1051 1271 inscribitur,
1069 1201 1152 1259 cuius
1175 1201 1274 1276 plures

92 1306 233 1366 vidimus
258 1311 341 1367 locos
367 1313 473 1369 mirum
497 1312 528 1369 in
552 1313 674 1371 modum
699 1331 766 1370 cum
790 1311 940 1386 Euripidis
965 1309 1118 1368 sententiis
1150 1301 1273 1366 consen·

88 1413 170 1484 tire,
195 1416 267 1489 qnid
292 1418 330 1475 de
354 1418 531 1477 auctoritate
556 1419 773 1494 Hippocratica
805 1430 918 1477 veteres
952 1428 980 1476 et
1012 1416 1198 1475 recentiones
1222 1413 1275 1471 cri-

86 1520 157 1577 tici
181 1522 386 1593 iudicaverint,
413 1525 541 1583 breviter
564 1545 740 1600 percensere
765 1545 874 1600 operae
898 1525 952 1583 erit
976 1523 1112 1599 pretium.

213 1629 372 1688 Erotianus
396 1633 478 1690 nulla
502 1632 632 1707 ascripta
655 1642 726 1690 nota
751 1643 916 1690 ceterorum
933 1629 1126 1706 Hippocratis
1150 1645 1273 1703 operum

82 1735 277 1810 compagini
301 1737 434 1795 libellum
458 1739 581 1796 inseruit
605 1739 681 1797 inter
704 1738 876 1812 aitiologica
900 1738 962 1795 eius
979 1736 1089 1812 scripta
1105 1753 1273 1792 numerans.

84 1841 226 1898 Caelius
259 1843 435 1900 Aurelianus
469 1845 507 1902 de
540 1844 635 1904 morb.
670 1845 771 1922 chron.
809 1845 861 1902 lib.
886 1847 908 1902 Ι.
943 1863 968 1902 c.
995 1844 1047 1900 IV.
1080 1842 1099 1918 ξ
1129 1860 1183 1914 131
1214 1834 1272 1918 (ed.

82 1947 248 2023 Amman)
273 1950 419 2022 expressis
443 1951 540 2008 verbis
557 1951 774 2025 Hippocratem
800 1951 931 2009 declarat
948 1959 1109 2007 aucturam.
1158 1947 1274 2004 Dubius

80 2068 175 2110 vero
199 2054 348 2127 genuinae
376 2054 470 2113 libelli
494 2056 617 2132 originis
640 2057 722 2114 testis
753 2066 797 2114 est
821 2056 964 2114 Galenus,
1012 2055 1086 2111 Tres
1110 2053 1168 2110 huc
1191 2071 1273 2127 spec·

77 2165 168 2216 tant
192 2160 260 2220 loci.

212 2270 246 2324 In
270 2269 356 2327 tertio
388 2271 427 2329 ad
451 2273 503 2329 VI.
529 2271 723 2346 Hippocratis
754 2271 882 2346 epidem.
917 2269 1023 2326 librum
1058 2266 1274 2324 commentario

81 2369 147 2429 ita
175 2372 292 2432 disserit
317 2376 467 2434 Galenus:
501 2352 781 2466 τήνέπιληψίαν
813 2380 842 2438 οἱ
874 2375 1012 2438 παλαιοὶ
1046 2381 1102 2436 καὶ
1130 2366 1275 2453 μεγάλην

81 2474 202 2543 νόσον
225 2474 366 2543 ἐκάλουν
389 2491 445 2544 καὶ
469 2480 584 2557 πάθος
608 2482 749 2546 παιδίων
774 2479 884 2566 οἵσπτρ
901 2479 1032 2550 αύτόςὸ
1056 2471 1275 2563 Ἱπποκράτης

82 2581 142 2646 ἐν
165 2586 214 2667 τῷ
236 2595 310 2672 πυρὶ
335 2579 468 2652 ύδολτων
499 2597 555 2650 καὶ
578 2589 684 2671 οὶίρων
715 2597 771 2653 καὶ
804 2588 917 2652 τόπων
942 2622 981 2629 -·
1008 2619 1050 2628 -
1076 2634 1081 2647 .
1115 2582 1207 2668 ἱερᾶν
1238 2582 1274 2647 δὲ

80 2687 200 2753 νόσον
222 2688 302 2754 ἔνιοι
326 2688 412 2755 κατοέ
438 2693 546 2780 ’ψευδῆ
571 2689 674 2768 δόξαν
697 2685 886 2776 ω’νόμασαν,
918 2693 960 2769 ὥς
982 2681 1046 2779 κηῖν
1068 2694 1115 2774 τῷ
1139 2699 1212 2772 περὶ
1236 2693 1275 2752 is·

80 2791 159 2879 ρης
177 2794 292 2862 νούσου
307 2797 534 2883 συγγράμματι
559 2800 578 2863 d
588 2826 601 2863 ε
614 2799 661 2883 (λη’
671 2800 688 2861 λ
699 2826 748 2864 ωτ
760 2827 781 2863 α
793 2827 812 2862 ι.
860 2799 909 2879 (cf.
927 2800 1045 2857 Kuehn.
1065 2801 1101 2856 II.
1119 2818 1168 2872 pg.
1189 2795 1274 2874 341.)

212 2923 296 2980 Alter
318 2925 402 2981 locus
426 2935 521 2982 exstat
551 2925 582 2982 in
617 2927 832 2984 commentario
866 2926 896 2982 in
920 2922 1114 3000 Hippocratis
1147 2939 1273 2996 progno·

88 3027 179 3085 stica
204 3029 311 3103 primo,
337 3030 388 3087 ubi
412 3031 650 3108 haec'legimus:
676 3041 827 3114 φαίνεται
851 3033 930 3110 γοῦν
952 3030 970 3089 ύ
993 3022 1274 3111 (Ιπποκροὶτηςοῦ-

89 3131 142 3197 dd
166 3140 240 3197 aad
264 3137 300 3200 ἓν
322 3141 388 3199 τοῖν
419 3139 540 3202 ἑαυτοῦ
571 3149 846 3224 συγγραμματίονν
876 3141 920 3209 εἰς
953 3133 1055 3211 &cotie
1081 3158 1160 3198 nors
1194 3133 1273 3196 οἰνα·

91 3248 213 3325 φέρων
237 3245 350 3306 αἰτίαν
373 3242 562 3325 νοσήματος,
588 3238 623 3321 {lg
646 3271 681 3324 γε
705 3249 761 3308 καὶ
784 3241 859 3321 τούς
888 3236 1022 3324 βλητούς
1058 3240 1274 3320 καλουμένους

91 3374 135 3388 “
165 3379 207 3389 -
231 3380 272 3390 ·-·
298 3332 437 3430 διῆλθον
461 3348 497 3412 ἐν
519 3352 566 3436 τῷ
590 3361 663 3435 περὶ
688 3351 809 3434 διαίτης
832 3351 941 3424 ὀξέων·
966 3350 1059 3412 τοῦτο
1082 3350 1143 3428 μὲν
1163 3335 1220 3410 οὖν
1236 3338 1272 3406 τὸ

92 3451 302 3538 σύγγραμμα
332 3460 397 3519 τῶν
421 3452 683 3538 ὁμολογουμένων
705 3467 843 3540 γνησίων
874 3456 968 3521 ἐστίν.
1001 3452 1038 3518 iv
1062 3454 1097 3517 δὲ
1131 3457 1176 3538 τῷ
1199 3456 1273 3535 περὶ

92 3559 190 3643 ἱερῆς
215 3559 328 3624 νούσου
352 3571 408 3625 καὶ
432 3564 531 3626 πλείω
555 3573 736 3646 γέγραπται
762 3562 842 3649 πρὸς
866 3561 998 3643 ἔλεγχον
1021 3565 1086 3624 τῶν
1117 3563 1274 3638 οἰομένων

91 3659 170 3730 vind
196 3663 289 3730 θεῶν
312 3675 485 3747 γίγνεσθαι
510 3669 551 3733 ‘coi
577 3666 757 3754 νοσήματα.
781 3670 854 3753 μήτ’
880 3661 939 3736 oritr
963 3668 1105 3750 οἰόμεθα
1130 3663 1189 3747 την
1205 3662 1273 3726 ἑπι-

92 3769 233 3860 ληψίαν
265 3779 358 3836 θυῖον
388 3776 473 3840 εἶναι
505 3776 630 3859 νόσημα
655 3813 697 3819 -
724 3813 761 3819 —-
788 3812 829 3821 -
856 3770 903 3857 (ci
938 3777 1058 3837 Kuehn.
1091 3774 1203 3831 XVIII.
1235 3772 1271 3827 II.

90 3875 250 3962 ps·18·)

213 3987 347 4044 Tertium
371 3989 502 4063 denique
527 3990 625 4048 locum
649 3991 816 4048 invenimus
841 3991 870 4047 in
895 3987 1111 4047 commentario
1135 3985 1174 4042 ad
1200 3982 1272 4057 Hip·

94 4106 188 4162 pocr.
215 4093 253 4151 de
276 4094 406 4152 articulis
430 4096 537 4153 libnrm
570 4097 675 4172 primo.
725 4099 772 4155 Ad
797 4096 992 4173 Hippocratis
1025 4094 1133 4151 verba:
1166 4088 1274 4157 καλοῖς

90 4191 320 4284 νᾶρὍμηρος
351 4201 627 4284 καταμομα-θὴκτι
652 4223 713 4278 seq.
742 4238 782 4245 -
806 4237 848 4246 -—-
873 4205 948 4261 haec
972 4202 1095 4259 adnotat
1120 4197 1271 4257 Galenus:

93 4302 260 4386 πρόβατα
286 4295 344 4370 adv
368 4306 460 4370 ainau
486 4302 549 4387 (sic.
576 4310 789 4387 Hippocrates)
822 4303 959 4374 ἅπαντα
992 4303 1033 4369 roi
1067 4299 1271 4386 βοσκήματα,

90 4405 266 4496 καθάπερ
290 4408 326 4474 ἐν
350 4417 396 4502 τῷ
422 4422 496 4499 περὶ
519 4417 604 4502 ἱερῆς
628 4413 740 4481 νούσου
763 4424 944 4504 γέγραπται
968 4409 1052 4483 aare?
1069 4416 1158 4491 λέξιν
1175 4408 1274 4489 olivae
