2978 5122
635 270 853 327 -18-

159 483 267 541 aquam
292 464 540 540 immergendam,
559 485 627 523 cum
650 465 753 523 haeret
777 463 875 522 subito
893 479 1074 537 manumque
1098 461 1246 520 continet.
1290 461 1336 517 ln·

157 583 275 630 tuentur
305 572 389 630 liberi
421 582 535 647 patrem
568 591 636 629 curn
669 571 877 629 admiratione.
925 573 1004 628 Ecce
1036 580 1133 627 autem
1166 568 1274 626 miram
1305 566 1335 623 in

158 680 289 736 Hercule
319 675 531 736 mutationem!
579 679 713 752 Torquet
747 678 858 745 ocules,
884 695 1009 751 quorum
1044 677 1138 733 fibrae
1170 676 1335 732 rubescunt

157 785 413 860 sanguineumque
437 785 556 843 trahunt
581 785 722 842 colorem.
771 765 968 874 Movetrd'qex
1002 800 1053 839 ore
1077 800 1192 856 spuma,
1229 790 1335 838 manat

156 890 195 948 de
218 896 329 949 mento.
376 893 476 965 Atque
500 891 589 948 risum
606 890 699 949 edens
723 889 873 946 turbidum
892 889 967 964 patri
991 888 1064 946 dicit
1081 888 1239 954 Hercules,
1258 886 1334 960 quid

156 997 213 1054 sibi
245 996 337 1054 velint
367 1015 461 1066 sacra,
495 1009 656 1071 antequam
690 997 885 1070 Eurystheum
919 995 1080 1067 occiderit;
1112 1005 1173 1081 tum
1208 993 1333 1051 demum

156 1121 209 1160 suo
233 1104 302 1161 loco
327 1102 388 1161 fieri
414 1103 634 1177 expiationem,
658 1122 725 1161 cum
749 1103 835 1160 huius
859 1111 949 1176 caput
978 1101 1099 1158 domum
1124 1099 1331 1174 reportaverit.

100 1252 103 1257 .
156 1209 193 1265 Et
216 1226 318 1265 revera
341 1208 371 1265 in
395 1226 462 1264 earn
486 1207 700 1282 cogitationem
725 1217 787 1265 tota
810 1207 949 1265 Herculis
974 1225 1057 1263 mens
1081 1205 1239 1274 incumbit,
1267 1206 1332 1279 My·

154 1331 245 1371 cenas
275 1313 332 1371 sibi
364 1331 429 1371 esse
461 1313 723 1388 proficiscendum,
746 1323 776 1370 ut
809 1315 1005 1387 Eurystheum
1037 1311 1204 1370 interficiat.
1254 1312 1332 1368 Tela

154 1418 242 1493 igitur
265 1419 362 1494 poscit
386 1429 414 1478 et
438 1419 632 1478 instrumenta
656 1419 695 1478 ad
719 1438 819 1477 muros
851 1419 1057 1476 suffodiendos
1082 1418 1202 1475 idonea.
1253 1417 1330 1474 Inci-

154 1524 197 1600 pit
221 1525 284 1583 iter.
327 1525 422 1583 Falsis
438 1526 582 1600 deceptus
606 1525 788 1602 imaginibus
804 1545 890 1582 curru
915 1525 972 1582 sihi
989 1524 1104 1582 videtur
1128 1522 1213 1599 vehi3
1239 1523 1329 1581 habe-

153 1650 207 1688 nas
221 1631 295 1705 regit
308 1650 397 1689 manu
411 1642 555 1705 tanquam
569 1631 689 1689 stimulo
702 1642 795 1689 utens.
823 1631 987 1706 Ambigunt
1000 1630 1084 1697 servi,
1098 1642 1195 1686 utrum
1213 1629 1331 1686 iocetur

153 1736 294 1795 dominus
311 1757 350 1794 an
362 1737 512 1804 insaniat.
559 1737 622 1810 Qui
637 1756 690 1812 per
713 1747 804 1795 totam
822 1738 879 1794 ruit
902 1737 1025 1795 domum
1042 1734 1134 1793 modo
1158 1735 1218 1792 huc
1235 1736 1330 1793 modo

153 1841 232 1901 illuc.
281 1845 316 1900 In
347 1842 478 1900 virorum
512 1843 616 1900 incidit
649 1844 803 1910 conclave,
838 1843 920 1917 quod
954 1861 1008 1918 pro
1041 1840 1172 1914 Megaris
1205 1841 1328 1917 accipit,

155 1947 254 2023 prima
276 1948 389 2006 itineris
421 1948 558 2007 statione.
607 1949 666 2005 Hic
699 1961 831 2007 moratur
854 1950 983 2024 paullum
1018 1965 1205 2021 coenamque
1231 1958 1328 2022 parat.

153 2054 251 2128 Pergit
270 2054 380 2113 deinde
404 2055 503 2112 iteret
526 2055 565 2113 ad
583 2055 724 2112 Isthmum
743 2055 886 2130 pervenit.
934 2056 1020 2112 Nova
1037 2054 1145 2112 fallitur
1168 2052 1326 2127 opinione.

151 2161 187 2216 In
211 2170 361 2218 certamen
392 2160 449 2219 sibi
479 2160 594 2218 videtur
626 2160 764 2236 prodire;
790 2162 869 2219 exuit
901 2161 1091 2234 chlamydem
1122 2159 1328 2233 certantisque

151 2265 242 2323 instar
274 2285 306 2324 se
329 2267 421 2340 gerit;
455 2266 519 2341 ipse
543 2285 575 2324 se
607 2266 778 2341 pronuntiat
801 2266 955 2324 victorem.
1002 2268 1064 2323 lam
1089 2283 1160 2322 vero
1193 2264 1328 2322 minacia

152 2370 215 2429 eius
239 2371 270 2428 in
286 2372 484 2446 Eurystheum
508 2373 599 2430 verba
615 2374 760 2446 Mycenas
778 2373 940 2429 Herculem
964 2371 1021 2429 sibi
1044 2369 1139 2429 videri
1163 2371 1327 2429 advenisse

149 2476 292 2536 indicant.
339 2477 586 2552 Amphitryonem
620 2496 756 2549 causam,
782 2496 834 2534 cur
867 2477 908 2534 ita
941 2496 972 2534 se
1006 2486 1100 2552 gerat,
1126 2487 1326 2550 quaerentem

150 2582 266 2658 repellit
283 2584 481 2658 Eurystheum
505 2602 570 2642 esse
594 2583 733 2659 opinatus
756 2593 785 2641 et
808 2602 909 2640 arcum
926 2583 1026 2658 dirigit
1050 2583 1081 2640 in
1105 2601 1175 2640 suos
1199 2583 1324 2650 liberos,

150 2707 226 2763 quos
249 2690 405 2765 Eurysthei
430 2691 506 2748 filios
531 2701 614 2766 putat
637 2690 800 2748 secundum
818 2708 926 2746 vanam
951 2689 1136 2764 opinionem.
1185 2689 1325 2761 Quorum

149 2805 309 2870 postquam
334 2797 410 2855 duos
434 2816 501 2856 cum
527 2817 637 2872 magna
668 2797 825 2857 uerborum
850 2797 1011 2855 iactatione
1042 2796 1177 2865 necavit,
1203 2797 1245 2853 ad
1271 2807 1325 2854 ter-

149 2900 222 2959 tium
246 2901 418 2977 aggreditur
441 2903 549 2977 sagitta
567 2903 845 2978 transfodiendum
870 2921 959 2976 quem
990 2912 1091 2960 tamen
1116 2920 1184 2959 curn
1216 2914 1324 2972 mater,

149 3015 179 3062 ut
204 3007 243 3064 ab
260 3006 427 3066 insaniente
451 3017 535 3082 patre
551 3007 736 3075 defenderet,
754 3007 785 3064 in
809 3007 980 3066 interiorem
998 3007 1104 3066 domus
1128 3017 1248 3083 partem
1267 3018 1323 3065 tra·

148 3111 233 3180 xerit,
257 3130 319 3170 non
352 3113 432 3189 prius
457 3126 545 3173 necat
568 3132 656 3188 quam
691 3115 768 3171 fores
802 3124 865 3171 arte
889 3125 917 3171 et
947 3114 1062 3171 ratione
1085 3112 1175 3171 diruit
1208 3125 1324 3189 postes·

149 3235 209 3290 qne
241 3218 378 3288 excussit,
410 3220 591 3295 Cyclopicos
623 3221 816 3292 Mycenarum
849 3239 948 3276 muros
979 3231 1109 3278 evertere
1141 3220 1199 3277 sibi
1230 3220 1321 3278 visus

149 3323 308 3381 Interfecto
332 3342 391 3382 una
415 3344 482 3381 cum
506 3335 600 3383 matre
623 3323 709 3383 tertio
738 3324 800 3382 filio
825 3325 880 3400 ipsi
905 3326 981 3400 patri
1014 3337 1139 3383 mortem
1163 3336 1228 3384 erat
1254 3328 1323 3384 alla·

148 3436 239 3499 turuS,
263 3447 331 3487 curn
356 3449 462 3488 somno
479 3441 602 3506 repente
625 3442 728 3506 captus
750 3432 832 3488 humi
856 3431 946 3489 cadit.
995 3432 1071 3490 Satis
1088 3433 1179 3506 longo
1204 3443 1325 3492 tenetur

148 3551 265 3608 sopore.
313 3534 498 3593 Pedetentim
523 3536 562 3594 ad
585 3536 674 3594 vitam
699 3537 784 3595 redit.
811 3573 853 3579 —

257 3658 346 3716 Hanc
363 3657 450 3734 igitur
467 3658 564 3716 morbi
580 3659 812 3735 descriptionem
830 3662 996 3719 accuratius
1012 3661 1162 3720 tractaturi
1179 3661 1322 3737 primum,

149 3780 227 3838 quae
251 3763 289 3820 sit
314 3765 454 3823 Herculis
478 3765 601 3823 furentis
625 3767 663 3823 ab
686 3767 781 3825 Aiace
804 3768 981 3838 differentia,
1006 3768 1170 3836 videamus
1196 3769 1321 3841 deinde,

148 3887 208 3943 qua
231 3869 355 3928 veritate
379 3871 529 3929 insaniam
554 3872 712 3950 Euripides
736 3874 935 3949 descripserit,
954 3874 1148 3949 Hippocratis
1171 3874 1322 3949 imprimis

147 3975 311 4033 secundum
327 3977 436 4052 scripta
453 3978 666 4038 examinemus.
706 3981 748 4037 Ut
765 3991 862 4037 antem
887 3991 966 4037 recte
982 3992 1072 4054 atque
1088 3979 1195 4038 ordine
1217 3981 1321 4057 dispu-

147 4091 232 4151 tetur,
250 4081 393 4158 deinceps
415 4086 654 4159 comparabimus
679 4085 811 4144 insaniae
835 4086 960 4154 initium,
978 4104 1177 4161 progressum,
1195 4088 1319 4146 exitum.

254 4187 304 4245 Ad
329 4187 431 4246 Aiacis
455 4190 561 4247 suroris
585 4191 700 4253 initium
725 4192 785 4250 duo
809 4202 927 4267 spetant
951 4211 1051 4250 versus
1074 4192 1152 4267 epici
1176 4194 1321 4251 carminis

152 4295 349 4370 »Αἰθιοπίᾳ
377 4293 557 4369 superstites
606 4298 652 4357 De
676 4298 827 4357 Podalirio
860 4299 980 4357 medico
1013 4299 1088 4356 haec
1121 4298 1194 4356 dicit
1226 4309 1320 4375 poeta

146 4396 196 4491 tet.
221 4398 343 4463 Kiukel.
368 4399 452 4478 irgm.
479 4400 522 4481 3.)
