2978 5122
565 283 761 346 ..5-

78 472 204 537 patrem‚
229 480 362 535 uxorem,
386 461 517 538 liber0s3
542 462 668 522 exsultat
690 463 802 540 gaudio
826 463 933 524 chorus
957 476 987 524 et
1009 461 1041 524 id
1065 463 1145 524 canit
1177 482 1245 524 can·

79 570 180 637 ticum,
206 570 288 626 cuius
313 589 351 628 ne
375 589 449 627 unus
474 570 596 644 quidem
630 570 797 628 inveniatur
829 590 940 642 versus,
974 571 1045 646 quin
1079 572 1246 630 laetissimis

30 678 34 684 '
78 676 174 750 pictus
199 677 235 733 sit
258 677 419 733 coloribus.
467 676 528 732 Vix'
550 695 619 734 vero
644 677 747 734 ultima
771 677 941 735 decantavit
965 678 1065 745 verba,
1099 697 1166 735 cum
1191 678 1245 735 Iris

78 792 106 838 et
125 784 219 855 Lyssa
236 783 460 857 conspiciuntur
484 782 631 839 insaniam
656 783 685 840 in
711 784 871 841 Herculem
897 784 1091 841 immissurae.
1140 783 1244 851 Vides,

78 899 220 961 quantum
248 889 385 946 differant
410 889 540 946 fabulae.
587 888 689 946 Aiacis
714 889 792 946 enim
817 891 914 946 furore
937 891 1016 947 velut
1050 890 1245 948 fundamento

78 994 180 1051 nititur
203 996 347 1054 dramatis
364 995 453 1063 actio,
472 995 610 1052 Herculis
629 995 746 1052 insania
769 995 877 1053 exitum
903 995 1001 1070 potius
1025 995 1088 1054 eius
1105 994 1243 1070 explicat.

79 1101 236 1176 Sophoclis
262 1101 349 1175 igitur
373 1111 445 1170 erat,
464 1101 611 1158 insaniam
636 1111 705 1159 ante
729 1102 880 1159 ineuntem
905 1102 1037 1159 fabulam
1061 1121 1158 1176 paene
1181 1103 1244 1159 fini·

78 1219 136 1264 tam
162 1207 191 1264 in
217 1207 282 1282 ipso
307 1208 430 1265 exordio
454 1223 622 1281 exponere3
659 1207 792 1282 Euripidi
826 1207 976 1264 difficilius
1009 1209 1066 1265 hoc
1098 1227 1243 1283 propone-

77 1315 171 1385 batur,
198 1332 257 1386 qua
281 1313 393 1370 ratione
421 1313 622 1371 introduceret
655 1313 799 1370 insaniam
824 1313 882 1370 iam
905 1313 979 1371 actis
1007 1313 1098 1370 tribus
1124 1314 1242 1371 fabulae

77 1421 201 1478 actibus.
252 1421 345 1493 Quod
370 1421 524 1494 quomodo
549 1420 660 1489 fecerit,
685 1438 765 1476 nunc
789 1438 966 1494 quaeramus
991 1430 1117 1494 oportet.
1147 1452 1182 1462 «-

185 1565 283 1636 Atque
307 1562 461 1619 offendent
486 1561 651 1619 accuratius
686 1562 715 1618 in
737 1561 886 1636 Euripidis
921 1572 1012 1619 artem
1044 1561 1241 1635 inquirentem

75 1678 118 1725 tot
143 1669 265 1726 deorum
291 1668 402 1725 inutilis
426 1686 597 1724 concursus.
638 1667 795 1742 Euripides
821 1668 899 1725 enim
924 1668 979 1724 sub
1003 1667 1098 1742 ipsum
1124 1668 1242 1726 fabulae

61 1757 185 1831 'exitum
217 1775 290 1831 duas
325 1774 436 1831 inducit
461 1793 603 1848 personas
628 1773 754 1846 divinas,
780 1792 858 1847 quate
882 1773 1015 1832 indicent
1040 1773 1177 1831 Herculis
1202 1775 1215 1830 l
1233 1808 1242 1816 ·

76 1900 182 1937 rorem.
218 1881 281 1937 Nec
307 1880 411 1938 iniuria
435 1880 479 1936 his
503 1879 671 1938 adiunxeris
696 1881 851 1946 Iunonem,
877 1898 964 1953 quae,
994 1879 1130 1953 quamvis
1154 1880 1240 1949 absit,

75 1998 173 2044 tamen
199 1987 294 2043 missis
318 1987 395 2043 Iride
419 1997 447 2044 et
466 1989 558 2060 layssa
582 1987 693 2043 auctrix
711 1997 754 2044 est
770 1986 957 2045 calamitatis.
1005 1989 1047 2045 Ut
1063 1986 1150 2061 igitur
1165 1989 1241 2044 Iuno

75 2093 154 2162 iridi,
174 2094 214 2151 ita
231 2095 343 2167 Lyssae
361 2093 423 2160 Iris,
450 2103 479 2149 ut
504 2093 621 2150 insania
645 2093 756 2150 asticiat
781 2093 952 2161 Herculem,
977 2093 1122 2168 imperat;
1148 2095 1241 2167 Lyssa

73 2200 204 2274 denique
229 2199 383 2274 imperium
410 2200 438 2255 in
459 2200 619 2256 Herculem
644 2209 769 2257 exercet.

182 2342 269 2413 Quae
294 2360 360 2397 cum
386 2340 425 2397 ita
456 2340 523 2408 sint,
556 2340 632 2397 duae
664 2339 850 2414 potissimum
881 2340 1007 2398 existunt
1039 2341 1239 2416 quaestiones

73 2448 166 2504 altera
190 2466 241 2502 cur
265 2447 389 2502 omnino
424 2445 593 2503 adhibuerit
626 2445 742 2503 divinas
775 2465 918 2521 personas
950 2447 1116 2521 Euripides,
1149 2448 1241 2504 altera

73 2571 125 2608 cur
149 2572 210 2609 non
235 2571 322 2609 ainau]
347 2552 483 2609 maluerit
507 2551 648 2609 inducere
672 2571 762 2625 quam
787 2562 830 2609 tot
853 2553 911 2609 hoc
935 2553 1003 2609 loco
1019 2552 1083 2610 deis
1098 2552 1240 2610 adhibitis

75 2659 201 2716 actionis
226 2670 358 2716 tenorem
395 2677 514 2733 prorsus
549 2659 770 2733 interrumpere,
801 2657 883 2715 cuius
916 2677 1018 2715 cursus
1050 2676 1087 2716 eo
1119 2677 1241 2732 quoque

72 2765 327 2838 gravatur‚'quod
353 2767 474 2838 Lyssam
501 2763 706 2821 invitissimam
740 2763 810 2820 facit
843 2763 961 2820 insania
985 2765 1146 2822 Herculem
1178 2766 1239 2822 affi-

73 2870 201 2927 cientem
226 2888 323 2943 neque
348 2870 427 2944 prius
452 2871 594 2927 inundata
617 2869 788 2937 obeuntem,
814 2887 903 2943 quam
935 2868 1062 2943 graviter
1092 2869 1146 2927 Iris
1179 2889 1239 2926 mo·

73 2976 145 3044 nuit,
172 2995 209 3033 ne
233 2975 334 3033 lunnis
358 2976 501 3032 voluntati
526 2975 692 3033 obsisteret.

180 3119 278 3190 Atque
301 3108 417 3174 videtur
440 3117 567 3174 scienter
590 3116 661 3173 mihi
693 3116 844 3175 monuisse
869 3117 1063 3175 Wilamowitz
1086 3119 1189 3193 (Herc.
1215 3119 1238 3175 I.
1268 3102 1270 3106 ⁵

73 3243 122 3298 pg.
149 3224 224 3303 368)
250 3223 328 3279 hanc
352 3242 472 3281 scenam
497 3243 515 3280 a
539 3222 646 3280 divinis
671 3223 806 3297 personis
831 3235 928 3280 actam
953 3223 1075 3281 alterum
1093 3242 1158 3281 esse
1174 3223 1238 3280 dra-

73 3330 160 3386 matis
184 3332 350 3404 prologum.
399 3330 536 3386 Profecto
560 3329 638 3386 enim
664 3351 680 3386 e
704 3328 846 3403 peculiari
871 3329 991 3394 fabulae
1007 3329 1172 3404 argumenti
1189 3350 1239 3388 na-

73 3447 138 3492 tura
162 3436 221 3494 duo
246 3447 310 3492 orta
334 3447 401 3492 sunt
435 3435 597 3510 prooemia.
645 3434 767 3509 Quippe
791 3435 890 3493 divisit
920 3445 1013 3493 totam
1042 3437 1237 3511 tragoediam,

74 3552 104 3599 ut
128 3561 217 3616 supra
240 3542 377 3610 vidimus,
404 3542 433 3599 in
458 3542 532 3598 duas
557 3552 654 3615 partes
680 3541 836 3616 Euripides
860 3560 971 3614 easque
996 3560 1055 3598 non
1087 3543 1183 3599 solum
1207 3563 1239 3602 re

74 3650 126 3706 sed
151 3648 240 3705 etiam
265 3650 366 3705 colore
391 3649 466 3704 inter
490 3668 521 3704 se
546 3646 770 3705 diversissimas,
819 3647 883 3704 Nec
916 3667 986 3706 vero
1018 3647 1081 3705 fieri
1114 3659 1237 3722 poterat,

74 3766 103 3810 ut
138 3753 235 3810 statim
268 3755 306 3810 ab
339 3753 422 3809 initio
459 3754 554 3810 sutura
587 3752 724 3809 Herculis
756 3752 910 3810 calamitas
941 3752 983 3810 ita
1015 3763 1046 3810 ut
1070 3774 1114 3811 ex.
1140 3774 1182 3829 gr.
1209 3755 1237 3812 in

74 3861 251 3934 Hippolyto
276 3859 501 3935 praesagiretur.
550 3861 597 3916 An
621 3869 682 3915 tum
707 3859 764 3915 vini
791 3859 881 3915 ullam
904 3859 1042 3917 habitura
1072 3859 1173 3918 suisset
1197 3881 1239 3920 re-

73 3966 196 4042 pentina
221 3965 359 4022 Herculis
384 3966 518 4023 fortunae
543 3965 688 4022 mutatio?
723 3965 815 4039 Atqui
840 3966 868 4022 in
893 3967 950 4022 hac
974 3952 1093 4040 propria
1116 3966 1239 4026 huiusce

72 4072 215 4131 dramatis
239 4073 281 4127 vis
306 4083 349 4130 est
373 4071 478 4147 posita.
515 4073 621 4146 Neque
645 4073 768 4131 fortasse
793 4073 965 4140 errabimus
989 4072 1013 4129 si
1037 4072 1163 4146 primum
1180 4074 1238 4130 hoc

72 4178 219 4236 studuisse
244 4188 405 4235 statuemus
431 4177 613 4252 Euripidem,
640 4188 668 4234 ut
692 4178 896 4252 tranquilliore
921 4178 1077 4252 minusque
1107 4198 1238 4236 commo·

73 4297 104 4341 to
128 4284 228 4341 animo
253 4294 445 4357 sequerentur
461 4295 644 4357 spectatores
661 4283 754 4357 ipsam
772 4284 906 4342 insaniae
923 4283 1236 4358 repraesentationem.

179 4408 305 4465 Accedit
336 4407 425 4468 aliud.
463 4406 711 4464 Considerantem
742 4417 844 4478 totam,
868 4426 946 4481 quae
979 4407 1008 4463 in
1040 4407 1239 4467 describenda
