2978 5122
638 312 860 368 ...7-

162 487 320 561 quomodo
343 489 534 562 suppleamus
564 489 724 562 quaeritur.
772 489 903 546 Probare
927 488 988 545 vult
1017 497 1117 562 poeta,
1143 507 1209 547 eam
1241 489 1333 548 animi

162 605 287 669 partem,
313 613 348 651 ex
373 613 433 668 qua
464 595 585 651 affectus
610 606 786 662 nascantur,
811 613 872 652 non
898 595 1014 658 decere¹
1035 613 1101 651 esse
1124 595 1331 654 immortalem.

161 701 256 775 Atqui
281 711 454 776 argumento
479 701 568 757 utitur
585 701 718 774 corporis
742 700 932 758 mortalitate.
980 702 1060 775 Ergo
1082 702 1250 759 necessario
1267 703 1333 759 sub-

162 808 310 865 stituimus
330 808 399 864 loco
424 807 567 876 secund0,
585 817 616 864 ut
639 808 754 882 integer
770 808 878 865 evadat
902 807 1100 882 syllogismus,
1117 809 1195 865 hanc
1217 821 1333 867 senten-

162 915 244 982 tiam,
271 913 363 970 animi
385 914 507 970 aflectus
532 933 568 970 ex
592 932 718 988 corpore
747 924 827 971 totos
857 914 990 988 pendere
1014 914 1143 988 indeque
1167 914 1332 989 provenire.

162 1019 197 1076 Id
230 1030 309 1076 certe
338 1019 442 1093 nequit
472 1020 612 1092 dubitari,
645 1021 716 1094 quin
740 1020 898 1095 Euripides
932 1019 1023 1077 animi
1046 1021 1170 1079 affectus
1201 1021 1333 1094 intellegi

161 1126 234 1184 velit
257 1126 389 1200 corporis
414 1145 479 1184 esse
504 1138 618 1201 partem
642 1126 765 1200 eiusque
789 1126 931 1184 mortalis.
957 1160 1000 1170 —-

270 1250 363 1308 Vides
388 1251 484 1326 igitur,
506 1251 552 1308 his
576 1270 696 1326 quoque
720 1251 852 1309 versibus
876 1252 1018 1326 impetum
1044 1252 1143 1309 facere
1159 1251 1333 1326 Euripidem

161 1357 191 1413 in
216 1356 298 1414 tritas
321 1357 502 1430 usitatasque
535 1357 614 1430 vulgi
647 1357 823 1431 opiniones,
854 1358 936 1430 quod
961 1376 978 1414 a
1010 1366 1110 1415 mente
1134 1358 1274 1431 Aeschyli
1306 1368 1335 1415 et

161 1462 322 1538 Sophoclis
338 1463 448 1537 pariter
463 1481 528 1520 esse
545 1463 759 1520 alienissimum
776 1482 865 1520 nemo
882 1463 1015 1537 negabit.
1049 1465 1159 1520 lterum
1184 1482 1253 1520 vero
1271 1480 1334 1538 per-

160 1569 297 1644 spicuam
329 1568 579 1644 deprehendimus
604 1570 783 1644 Euripideae
815 1569 980 1627 sententiae
1011 1587 1076 1625 cum
1111 1569 1334 1643 Hippocraticis

160 1674 398 1733 similitudinem.
445 1676 522 1732 Nam
556 1677 727 1732 statuebant
758 1676 815 1732 sibi
840 1675 1068 1750 Hippocratici,
1094 1675 1144 1749 qui
1178 1685 1333 1746 vocantur,

160 1780 238 1838 inter
260 1799 368 1856 corpus
386 1781 579 1855 animumque
603 1800 669 1839 eam
686 1781 870 1839 intercedere
888 1781 1043 1850 rationem,
1061 1791 1093 1837 ut
1116 1799 1220 1838 omnes
1243 1781 1334 1838 animi

161 1888 285 1944 affectus
310 1906 327 1945 e
348 1906 474 1963 corpore
498 1898 651 1946 orerentur
683 1897 713 1944 et
736 1887 881 1945 artissime
915 1906 982 1944 cum
1007 1905 1044 1944 eo
1068 1888 1270 1956 cohaererent,
1296 1887 1335 1944 de

123 2036 126 2041 Δ
160 2012 222 2068 quo
254 1993 357 2068 paullo
387 1993 507 2051 uberius
541 1993 701 2068 disputavit
732 1995 836 2051 Herm.
862 1992 957 2050 Nasse
991 1992 1076 2049 initio
1107 1993 1333 2061 dissertationis,

159 2117 250 2172 quam
275 2098 443 2174 inscripsit:
468 2100 506 2157 de
530 2099 646 2157 insania
669 2099 883 2157 commentatio
914 2099 1076 2156 secundum
1101 2099 1193 2156 libros
1218 2100 1334 2174 Hippo-

158 2204 289 2262 craticos
306 2205 443 2279 (Bonnae
472 2206 576 2281 1829).
623 2209 723 2280 Atque
748 2225 901 2280 eousque
924 2206 1073 2280 progressi
1097 2216 1174 2275 sunt,
1192 2216 1222 2263 ut
1246 2207 1334 2264 etiam

157 2310 309 2368 insaniam
333 2312 416 2369 nulla
440 2312 533 2369 animi
557 2330 609 2386 per
625 2330 657 2370 se
681 2312 773 2386 ipsius
798 2312 899 2368 habita
927 2311 1043 2369 ratione
1068 2311 1203 2386 aliosque
1227 2311 1335 2370 mentis

157 2394 284 2475 morbos
309 2436 327 2474 a
343 2419 477 2493 corporis
496 2419 704 2477 affectionibus
723 2428 898 2494 repeterent.
940 2419 1036 2476 Huius
1053 2418 1203 2493 opinionis
1220 2418 1336 2492 insigne

157 2523 234 2580 mihi
252 2524 351 2582 obsert
375 2525 542 2599 exemplum
561 2526 600 2582 de
624 2525 731 2582 morbo
748 2544 834 2582 sacro
858 2525 992 2598 libellus;
1018 2525 1101 2581 cuius
1126 2534 1238 2594 auctor,
1256 2536 1334 2600 post·
1416 2548 1419 2553 ·

157 2647 253 2704 quam
278 2631 423 2705 exposuit,
441 2651 458 2688 a
482 2632 605 2689 cerebro
621 2633 737 2690 trahere
755 2632 898 2707 originem
914 2650 1039 2701 sacrum,
1058 2650 1146 2705 quem
1172 2630 1333 2706 appellent,

156 2735 310 2808 morbum,
335 2736 380 2793 his
403 2736 500 2794 verbis
524 2737 636 2813 pergit:
663 2733 715 2818 (cl.
740 2736 844 2796 VL'c.
875 2758 922 2809 14.
948 2757 997 2812 pg.
1024 2738 1110 2813 386).

269 2839 392 2905 εἰδέναι
418 2840 455 2904 δὲ
477 2840 535 2927 χρὴ
562 2838 635 2918 τούς
659 2833 871 2924 ἀνθρώπους,
898 2839 949 2904 ὅτι
981 2841 1017 2916 ἐξ
1040 2839 1173 2917 οὐδενὸς
1196 2841 1274 2923 ἡμῖν
1298 2843 1335 2903 αἱ

155 2944 278 3029 ἡδοναὶ
300 2958 446 3027 γίνονται
470 2958 525 3012 καὶ
550 2951 585 3011 ol
609 2945 802 3035 εὐφροσύναι
830 2958 885 3012 καὶ
909 2950 1043 3027 γέλωτες
1075 2956 1130 3010 καὶ
1155 2945 1291 3010 παιδιαὶ
1315 2941 1336 3028 ἢ

155 3049 324 3117 ἐντεῦθεν
343 3048 373 3136 (i.
391 3074 417 3113 e.
435 3074 480 3113 ex.
499 3055 635 3133 cerebro)
659 3064 714 3118 καὶ
730 3056 833 3119 λῦπαι
851 3064 905 3118 καὶ
930 3054 1023 3119 uiator
1041 3063 1098 3117 καὶ
1117 3050 1335 3136 δυσφροσύναι

154 3168 219 3224 καὶ
244 3159 412 3241 alaudam
450 3196 478 3204 -
508 3194 559 3221 -.
592 3165 638 3248 aqi
661 3160 697 3225 ’δὲ
727 3159 819 3249 αὐτῷ
842 3157 942 3248 τούτῳ
969 3169 1024 3224 καὶ
1057 3159 1255 3243 μαινόμεθα
1279 3167 1335 3222 καὶ

154 3274 446 3351 παραφρονέομεν.
472 3303 513 3312 --·

271 3374 369 3447 Atque
394 3375 555 3432 confirmor
578 3375 717 3450 equidem
742 3376 787 3433 his
812 3374 960 3443 omnibus,
979 3385 1008 3432 ut
1033 3375 1174 3450 suspicer,
1192 3373 1280 3432 etiam
1304 3373 1335 3430 in

153 3478 302 3539 Herculis
323 3479 461 3539 insaniae
475 3481 677 3557 descriptione
701 3483 832 3540 noluisse
855 3492 974 3556 poetam
999 3492 1131 3539 nostrum
1156 3481 1186 3537 in
1210 3478 1336 3554 pristina

152 3585 295 3644 veritatis
319 3586 502 3662 negligentia
526 3588 727 3662 acquiescere,
759 3587 812 3645 sed
847 3588 885 3644 ad
918 3597 1041 3647 naturae
1072 3587 1239 3661 exemplum
1268 3602 1334 3642 eam

153 3691 333 3755 instituisse.

271 3799 334 3855 lam
358 3816 429 3856 vero
453 3810 590 3858 accurate
612 3799 688 3858 inter
711 3817 743 3856 se
768 3817 976 3874 comparemus
993 3799 1091 3856 morbi
1108 3798 1333 3873 descriptiones,

156 3907 264 3979 Atque
287 3905 415 3978 primum
433 3916 502 3963 ante
526 3906 629 3963 oculos
648 3924 851 3980 proponamus
876 3906 997 3963 furentis
1014 3906 1153 3964 Herculis
1174 3905 1333 3979 imaginem

158 4031 178 4070 a
202 4009 310 4069 nuntio
333 4010 522 4086 descriptam.

272 4118 435 4191 Postquam
451 4118 566 4192 Lycum
592 4119 710 4177 necavit
727 4121 882 4193 Hercules,
903 4139 987 4177 sacra
1011 4120 1065 4178 rite
1089 4129 1239 4195 paranttu,
1258 4135 1336 4194 quae

165 4231 292 4298 purgent
315 4223 438 4281 domum
471 4242 545 4282 nece
577 4227 763 4284 maculatam.
812 4226 1012 4284 Circumstant
1041 4245 1122 4284 aram
1149 4227 1334 4300 Amphitryo,

170 4329 298 4402 Megara,
326 4329 413 4386 liberi
444 4331 571 4389 solemni
607 4350 674 4388 cum
706 4332 825 4389 silentio
856 4332 1125 4390 animadvertentes
1157 4332 1336 4408 expiationis

178 4432 262 4505 initia,
277 4453 366 4512 quam
390 4435 517 4496 instituit
533 4438 690 4498 Hercules.
739 4440 863 4516 Iamque
886 4451 995 4499 torrem
1013 4440 1150 4499 sumebat
1172 4440 1203 4498 in
1219 4457 1335 4499 sacram
