2978 5122
702 238 923 294 ..28-

229 431 290 491 Sed
312 430 356 489 vir
380 429 579 501 doctissimus,
605 449 672 489 cum
696 430 737 490 ad
760 449 849 488 unam
874 430 1062 505 eandemque
1085 438 1221 506 spectare
1237 425 1408 504 imaginem

228 539 320 597 verba
342 532 480 624 θολερός
503 551 543 607 et,
568 557 647 612 (quae
670 548 843 612 sequuntur,
868 547 983 607 statuat,
1017 555 1079 594 non
1112 537 1204 595 habet
1233 555 1283 595 me
1313 533 1408 595 adsti-

228 647 391 720 pulantem.
438 647 516 703 Nam
540 646 667 721 primum
692 643 900 712 dubitaverim,
926 663 996 702 num
1014 645 1188 718 Aeschylus,
1211 643 1236 701 si
1259 641 1408 700 voluisset

229 752 316 810 talem
351 752 512 827 imaginem
547 769 716 828 proponere
748 750 974 825 spectatoribus
1008 752 1132 809 alterum
1165 747 1406 825 comparationis

228 859 394 916 membrum
419 878 479 916 uno
503 869 617 916 tantum
641 858 790 915 adiectivo
814 857 900 915 fuerit
924 856 1116 915 indicaturus.
1152 858 1230 915 Nam
1247 855 1302 914 etsi
1320 874 1407 930 egre·

228 965 276 1040 gie
300 965 496 1022 Wilamowitz
520 967 623 1040 (Herc.
649 967 718 1025 Eur.
744 967 791 1022 ed.
809 966 849 1032 Il,
873 983 923 1038 pg.
952 964 1026 1039 215)
1050 974 1169 1023 monet:
1213 965 1294 1022 «Der
1309 963 1406 1020 Dich-

228 1080 272 1129 ter
303 1071 365 1128 und
398 1071 462 1129 sein
485 1072 567 1129 Volk
599 1071 741 1128 besassen
775 1071 806 1126 in
839 1071 917 1128 ihrer
942 1071 1100 1128 Phantasie
1131 1069 1198 1128 eine
1224 1069 1309 1129 Ftille
1344 1088 1406 1126 von

228 1176 395 1235 sinnlichen
420 1179 661 1251 Vorstellungen,
687 1179 798 1236 welche
822 1211 866 1219 —
883 1211 924 1220 -
948 1179 1002 1235 auf
1021 1177 1088 1236 eine
1111 1179 1201 1235 kurze
1216 1176 1405 1251 Andeutung

228 1283 279 1340 hin
304 1284 351 1340 ein
376 1284 512 1341 Vollbild
538 1303 590 1341 aus
615 1285 678 1341 sich
703 1294 890 1360 erzeugten,r
918 1317 960 1326 —
985 1303 1021 1342 ea
1043 1299 1144 1342 tamen
1175 1283 1306 1342 diffitear
1337 1302 1405 1343 sen-

227 1389 321 1448 tiendi
345 1390 512 1448 mobilitate
536 1390 625 1448 fuisse
651 1392 795 1459 Graecos,
812 1401 852 1457 ut,
870 1409 938 1463 curn
962 1409 1066 1449 vocem
1091 1390 1229 1448 audirent
1252 1387 1405 1472 θολερός,

233 1496 331 1553 statim
357 1496 519 1572 imaginem
543 1497 601 1555 sibi
625 1498 839 1556 constituerent
862 1496 968 1555 alirno
984 1497 1122 1555 fluctibus
1146 1495 1295 1571 permixto
1319 1514 1406 1572 repe·

229 1601 323 1661 titam.
373 1603 466 1676 Atqui
490 1603 614 1661 instituit
639 1615 718 1662 certe
742 1605 783 1662 ita
816 1603 1014 1662 elocutionem
1048 1605 1203 1677 figuratam
1236 1612 1339 1679 poeta,
1374 1614 1407 1661 ut
1456 1656 1459 1661 .

228 1708 441 1780 intelligeretur
463 1730 480 1768 a
504 1711 730 1785 spectatoribus

336 1835 493 1893 Praeterea
517 1836 674 1893 confundit
708 1837 766 1894 hac
789 1837 989 1912 explicatione
1012 1838 1087 1894 duas
1111 1836 1256 1911 imagines
1281 1853 1408 1909 prorsus

228 1937 305 1996 inter
327 1958 359 1998 se
384 1940 526 2001 diversas.
564 1943 661 2018 Pergit
677 1943 756 2000 enim
780 1944 882 2018 paullo
906 1943 982 2000 inira
1005 1943 1051 2000 his
1074 1943 1191 2001 verbis:
1222 1943 1304 1999 »Das
1321 1943 1407 2000 Den-

227 2046 286 2103 ken
311 2046 391 2103 kann
416 2049 465 2106 bei
498 2050 567 2107 dem
591 2050 700 2107 lrrsinn
735 2050 823 2107 keine
855 2051 1023 2109 bestimmte
1046 2050 1131 2107 Bahn
1164 2048 1226 2106 und
1250 2047 1408 2123 Ordnung

228 2152 330 2209 finden
355 2155 416 2212 und
440 2156 552 2230 gleicht
576 2157 702 2213 deshalb
726 2157 756 2213 in
777 2157 875 2214 seiner
890 2156 1069 2214 Unklarheit
1085 2157 1146 2213 und
1162 2155 1276 2213 seinem
1293 2154 1407 2211 trtiben

229 2259 337 2317 Wesen
365 2262 433 2319 dem
459 2263 605 2320 zwischen
630 2264 688 2321 den
706 2264 821 2322 Wellen
838 2263 1118 2322 herumtreibenden
1135 2260 1403 2319 Meerschlamm.<‹

229 2366 354 2424 Minime
379 2379 477 2427 autem
503 2370 668 2444 probabilis
700 2370 773 2428 mihi
797 2370 914 2428 videtur
942 2370 1137 2445 comparati0,
1170 2386 1249 2442 quae
1281 2367 1408 2426 duabus

229 2471 317 2530 simul
342 2475 522 2549 imaginibus
547 2487 652 2534 utatur.
701 2477 819 2552 Nempe
842 2477 941 2534 statuit
964 2476 1022 2534 sibi
1038 2474 1260 2543 Weickleinius,
1285 2491 1349 2531 non
1373 2474 1407 2532 id

226 2580 323 2637 solum
347 2582 393 2638 his
415 2583 514 2641 verbis
538 2584 672 2659 exprimi,
691 2585 772 2641 lonis
797 2584 878 2642 dicta
901 2584 977 2641 inter
1000 2583 1055 2641 diri
1078 2583 1130 2641 fati
1154 2583 1259 2639 fluctus
1288 2583 1405 2657 vagari,

225 2696 257 2743 ut
280 2687 367 2746 limus
401 2689 493 2747 modo
517 2691 575 2747 huc
608 2691 700 2748 modo
733 2691 802 2747 illuc
835 2692 952 2758 feratur,
987 2691 1040 2748 sed
1074 2690 1163 2748 etiam
1194 2689 1404 2764 perturbatam

225 2793 307 2851 Ionis
331 2795 488 2853 verborum
513 2798 639 2854 formam
664 2797 791 2856 conferri
815 2815 882 2854 cum
906 2797 970 2854 limi
993 2797 1103 2854 colore.
1152 2797 1222 2868 Qua
1246 2795 1277 2852 in
1301 2814 1333 2854 re
1359 2814 1404 2854 er·

225 2918 290 2957 rare
313 2901 407 2958 virum
432 2903 638 2961 doctissimum
663 2913 798 2974 sescenta
815 2904 944 2977 probant
960 2904 1107 2977 exempla,
1125 2903 1232 2976 quibus
1249 2901 1288 2960 de
1307 2920 1403 2977 aqua,

226 3023 353 3079 quacum
380 3008 574 3081 permiscetur
595 3010 692 3078 limuS,
720 3009 855 3092 θολέρος
878 3009 1021 3084 usurpari,
1047 3028 1110 3066 non
1134 3009 1173 3067 de
1196 3009 1404 3078 limo,uti11e

225 3113 367 3181 voluerat,
394 3123 483 3187 patet.
533 3116 614 3173 Hinc
638 3117 725 3174 facile
750 3126 865 3191 repetes
882 3115 1115 3191 metaphoricam
1132 3115 1214 3172 vocis
1230 3114 1402 3174 notionem.

226 3219 304 3274 Nam
329 3237 396 3275 curn
422 3239 501 3293 aqua
524 3222 656 3280 turbetur
680 3231 709 3278 et
732 3221 829 3278 lurida
852 3223 904 3278 fiat
928 3221 1000 3277 limo
1026 3222 1164 3286 excitato¹
1190 3221 1293 3279 tralate
1318 3240 1403 3280 usur-

225 3335 327 3398 patum
365 3327 443 3384 valet
484 3328 544 3384 fere
577 3329 778 3402 perturbatus,
822 3327 974 3396 turbiduS,
1010 3329 1168 3397 confusus,
1212 3328 1276 3397 vel,
1314 3330 1404 3402 quod

226 3430 399 3504 Hesychius
435 3431 534 3488 reddit
567 3434 681 3494 verbis:
729 3432 917 3518 ταραχῶδες
953 3467 995 3476 --
1030 3440 1269 3518 τεταραγμένον
1309 3432 1343 3507 (s.
1371 3455 1402 3494 ν.

225 3530 384 3619 θολερός).
425 3539 525 3610 Atque
549 3558 667 3612 prorsus
692 3540 795 3598 fefellit
827 3539 919 3596 virum
954 3538 1169 3608 doctissimum,
1204 3557 1265 3597 non
1293 3539 1403 3599 limum

225 3642 316 3700 humo
341 3653 455 3700 erutum
472 3645 603 3702 colorem
628 3664 700 3719 prae
724 3664 756 3703 se
773 3646 848 3702 ferre
871 3647 1032 3714 turbatum,
1049 3646 1103 3703 sed
1120 3664 1238 3720 aquarn,
1256 3664 1318 3719 qua
1334 3667 1403 3722 per-

225 3748 333 3805 mixtus
357 3761 410 3808 est.
451 3750 573 3825 Optime
597 3751 685 3825 igitur
708 3771 775 3808 cum
800 3751 887 3809 maris
912 3770 1000 3825 aqua,
1019 3770 1096 3825 quae
1120 3749 1225 3809 e'linro
1242 3752 1402 3813 sordidum

224 3855 312 3912 traxit
336 3858 478 3926 colorem,
503 3876 677 3932 comparare
701 3867 818 3932 poterat
834 3858 984 3931 Aechylus
1009 3858 1178 3931 perturbata
1195 3857 1276 3915 Ionis
1293 3861 1400 3930 verba,

224 3962 347 4020 minime
370 3982 440 4021 vero
465 3982 531 4020 cum
556 3964 638 4032 limo,
669 3964 781 4038 quippe
812 3963 862 4037 qui
887 3964 1069 4039 respondeat
1098 3962 1234 4022 insaniae
1264 3975 1401 4025 mentem

224 4069 306 4126 Ionis
342 4069 480 4127 turbanti.
540 4071 662 4127 lnvertit
693 4069 781 4144 igitur
804 4070 1007 4128 Weckleinins
1031 4088 1134 4127 sanam
1160 4070 1401 4145 comparationis

224 4174 379 4232 rationem.

332 4281 510 4354 Negaverim
535 4291 635 4338 tamen
666 4282 817 4356 equidem,
851 4293 952 4338 nostro
983 4283 1052 4338 loco
1084 4281 1121 4339 de
1152 4291 1232 4338 certa
1263 4283 1400 4357 imagine

225 4386 373 4460 cogitasse
397 4398 516 4461 poetam
540 4405 645 4444 vocem
673 4382 809 4472 θολερός
831 4388 1021 4446 scribentem.
1084 4386 1144 4445 Sed
1168 4404 1282 4445 meram
1305 4389 1399 4450 habe-
