2978 5122
619 282 824 346 ..8-

138 479 306 557 Euripides,
341 478 453 540 deinde
477 479 515 540 de
539 479 677 540 universa
701 478 795 539 divini
825 476 939 538 arbitrii
962 488 1108 556 potestate
1131 496 1233 557 pauca
1257 476 1323 538 dis·

137 605 246 648 seram.

248 697 347 770 Atque
370 695 499 770 primurn
523 694 646 770 quidem
670 713 708 753 eo
732 693 871 753 differunt
895 694 1060 769 Sophocles
1092 705 1121 753 et
1144 693 1322 770 EuripideS,

139 801 225 876 quod
251 801 280 858 in
305 802 399 860 Aiace
422 820 552 877 persona
586 801 688 859 divina
718 801 889 858 necessaria
919 801 1059 858 dramatis
1093 812 1137 858 est
1170 819 1251 876 parS,
1291 801 1325 858 iu

140 907 272 965 Hercule
293 925 363 967 vero
388 908 474 982 quasi
498 906 681 965 extrinsecus
716 907 806 964 allata
838 906 921 963 nullo
954 906 1062 964 artiore
1093 907 1213 964 vinculo
1248 926 1325 964 cum

139 1012 206 1089 ipsa
229 1012 348 1071 actione
372 1032 450 1071 nexa
473 1024 526 1071 est.
577 1015 647 1085 Qua
671 1012 701 1069 in
736 1031 766 1069 re
797 1022 981 1087 quantopere
1016 1011 1133 1070 differat
1157 1033 1176 1069 a
1199 1014 1327 1088 Sopho·

131 1119 186 1177 ‘cle
204 1117 372 1192 Euripides,
397 1118 509 1193 optime
534 1117 736 1193 dignoscetur,
759 1117 782 1174 si
807 1117 951 1192 Sophocli
975 1117 1151 1187 Minervam,
1178 1119 1326 1194 Euripidi

141 1226 269 1298 Lyssam
311 1223 536 1299 dempserimus.
596 1225 721 1284 Corruet
756 1223 853 1301 Aiax3
887 1224 948 1282 sere
983 1223 1111 1283 intactus
1148 1226 1327 1285 remanebit

141 1335 322 1393 Hercules·

249 1442 349 1516 Atque
373 1441 411 1500 de
436 1441 573 1500 Minerva
597 1441 644 1499 vix
661 1451 738 1509 sunt,
756 1459 834 1515 quae
851 1459 1000 1499 moneam.
1049 1442 1112 1498 Iam
1131 1440 1210 1498 enim
1228 1457 1326 1516 supra

141 1547 280 1618 vidimuS,
304 1548 387 1605 nullo
411 1566 531 1622 prorsus
556 1562 646 1622 pacto
670 1547 788 1622 prologi
813 1567 918 1604 scenas
943 1547 973 1603 in
994 1547 1087 1604 Aiace
1105 1566 1192 1622 posse
1209 1547 1324 1619 omitti,

142 1653 254 1728 quippe
278 1672 356 1728 quae
380 1655 599 1728 expositionem
623 1654 797 1712 contineant
822 1655 953 1714 fabulae.
1001 1656 1212 1727 Insequentem
1248 1672 1326 1712 vero

142 1758 285 1817 dramatis
309 1770 421 1834 partem
459 1761 499 1818 ita
536 1761 696 1818 instituisse
732 1761 924 1836 Sophoclem,
959 1771 989 1817 ut
1031 1760 1155 1834 intelligi
1186 1769 1326 1834 nequeat

142 1865 254 1923 omissa
278 1865 432 1924 Minervae
457 1885 596 1942 persona,
622 1866 731 1941 insigni
756 1875 900 1924 testantur
925 1867 1063 1941 exemplo
1081 1867 1265 1924 Tecmessae
1282 1867 1325 1925 de

143 1970 216 2028 mira
239 1970 341 2028 Aiacis
366 1991 433 2029 cum
458 1973 564 2031 umbra
587 1971 789 2030 collocutione
821 1973 914 2029 verba
937 1971 1007 2044 (vsS.
1036 1992 1094 2046 301
1122 1975 1231 2048 seqq),
1258 1973 1324 2047 qui·

143 2077 199 2134 bus
232 2076 270 2134 ad
307 2076 460 2135 Minervae
494 2077 656 2151 Aiacisque
697 2077 908 2151 interloquium
941 2088 1032 2152 poeta
1063 2077 1176 2136 alludit.
1238 2077 1325 2134 Hinc

143 2182 306 2240 clarissime
330 2183 436 2252 elucet,
471 2194 583 2258 quanta
608 2183 752 2242 industria
776 2184 814 2241 ad
839 2182 925 2239 unius
955 2183 1089 2258 corporis
1122 2182 1268 2240 unitatem
1293 2193 1325 2242 et

143 2288 261 2346 divinas
285 2299 314 2346 et
339 2290 485 2348 humanas
509 2301 608 2365 partes
633 2289 818 2364 colligaverit
843 2291 1018 2365 Sophocles
1069 2290 1157 2363 Quae
1186 2307 1256 2346 cum
1281 2289 1325 2347 ita

145 2395 213 2464 sint,
239 2395 441 2470 unusquisque
466 2398 592 2453 fateatur
615 2415 738 2454 necesse
762 2407 816 2466 est,
842 2395 866 2454 si
891 2396 1057 2454 Minervam
1082 2415 1098 2454 e
1122 2405 1264 2453 contextu
1281 2397 1325 2453 fa·

145 2501 236 2559 bulae
265 2500 446 2572 detraheres,
483 2501 617 2559 mutilam
651 2501 896 2576 decurtatamque
929 2522 994 2560 esse
1027 2519 1229 2560 remansuram
1266 2511 1324 2559 tra-

146 2605 297 2681 goediam.

254 2713 293 2770 At
316 2712 347 2769 in
371 2712 513 2788 Euripide
538 2732 583 2770 res
608 2714 697 2788 longe
722 2714 806 2772 aliter
837 2734 869 2772 se
893 2715 991 2772 habet.
1042 2714 1134 2772 Cuius
1157 2714 1187 2770 in
1218 2715 1324 2772 sabula

148 2818 274 2877 actionis
298 2829 431 2877 tenorem
456 2839 576 2895 prorsus
600 2819 773 2895 interrumpi
799 2820 927 2879 inductis
952 2821 1031 2879 Iride
1055 2831 1083 2878 et
1113 2822 1209 2895 Lyssa
1232 2839 1326 2895 supra

149 2925 329 2984 monuimus.
376 2926 551 2996 Videamus,
577 2944 648 2983 num
672 2927 920 3001 ad'sequentem
955 2927 1099 2984 dramatis
1134 2937 1249 3001 partem
1282 2927 1325 2983 in·

149 3031 344 3106 telligendam
369 3032 428 3089 sint
451 3033 648 3090 necessariae.

259 3155 348 3212 Sume
372 3154 460 3230 igitur
492 3157 699 3231 composuisse
733 3156 774 3214 ita
797 3158 972 3233 Euripidem
1004 3158 1082 3216 hanc
1115 3157 1260 3225 fabulam,
1295 3167 1327 3215 ut

150 3270 219 3336 post
242 3260 324 3317 chori
349 3280 479 3329 carmen,
505 3264 588 3336 quod
612 3273 697 3321 esta
728 3282 814 3321 versu
840 3283 902 3338 749
937 3283 1030 3338 usque
1062 3265 1100 3322 ad
1125 3283 1166 3321 vs
1194 3266 1269 3332 806,
1296 3265 1327 3320 in

151 3385 273 3424 scenam
308 3366 451 3441 prodiens
484 3370 612 3427 eandem
645 3370 766 3427 nuntius
800 3369 935 3429 instituat
972 3362 1109 3428 Herculis
1145 3371 1327 3428 calamitatis

151 3454 351 3531 narrationem
376 3491 466 3547 quarn
502 3493 579 3548 quae
604 3475 708 3550 incipit
733 3496 751 3533 a
779 3495 864 3533 versu
889 3495 972 3551 912;
1007 3487 1069 3533 tum
1101 3495 1168 3534 meo
1201 3476 1327 3550 quidem

152 3577 264 3636 iudicio
288 3578 362 3636 nihil
386 3580 551 3654 perlegenti
577 3581 706 3639 fabulam
730 3581 786 3639 tibi
810 3592 954 3649 occurret,
987 3583 1070 3655 quod
1101 3583 1148 3640 vel
1178 3582 1251 3640 levis
1287 3584 1328 3641 os·

153 3684 297 3742 tensionis
320 3685 371 3743 det
394 3705 507 3746 ansam.
556 3687 639 3760 Quid
664 3686 764 3746 eniml
812 3688 947 3747 offendit
971 3707 1072 3746 nonne
1105 3690 1151 3746 vel
1185 3673 1329 3762 magnam

154 3792 258 3848 saltem
283 3791 374 3848 habet
397 3791 636 3863 admirationem,
661 3794 744 3867 quod
770 3795 858 3852 Iridis
882 3804 910 3853 et
935 3797 1047 3869 Lyssae
1072 3795 1173 3852 nullae
1203 3806 1273 3853 sunt
1298 3796 1330 3853 in

154 3908 273 3974 postera
297 3897 440 3954 dramatis
465 3898 584 3956 actione
608 3899 725 3974 partes?
767 3902 836 3958 Non
861 3901 1013 3973 miramur,
1038 3912 1159 3976 poetam
1183 3901 1222 3958 de
1240 3903 1331 3959 Iuno·

154 4023 193 4061 ne
216 4002 352 4061 insaniae
376 4004 507 4063 auctrice
530 4006 680 4063 Theseum
706 4017 736 4064 et
759 4008 923 4065 Herculum
951 4017 1092 4082 tanquam
1117 4008 1156 4066 de
1179 4026 1210 4064 re
1235 4007 1332 4066 incer-

154 4121 185 4167 ta
208 4110 306 4166 facere
330 4109 515 4183 disputantes
544 4123 573 4168 et
596 4112 794 4187 ambigentes,
827 4123 968 4186 tanquam
998 4112 1072 4170 nihil
1104 4112 1193 4170 nobis
1222 4113 1262 4171 de
1288 4116 1332 4173 di-

112 4240 115 4247 ·
156 4215 224 4271 vina
270 4214 405 4273 insaniae
452 4216 567 4292 origine
613 4218 650 4276 sit
694 4218 880 4276 nuntiatum?
949 4219 1089 4294 Denique
1126 4238 1228 4276 nonne
1267 4221 1333 4280 iure

155 4320 325 4395 quaerimus
350 4323 532 4380 corchorus
556 4342 618 4380 non
642 4324 797 4382 confirmet
821 4343 839 4381 a
862 4326 978 4383 Iunone
1003 4325 1149 4383 insaniam
1178 4343 1244 4384 esse
1261 4346 1331 4402 pro·

156 4427 275 4499 sectam,
301 4427 411 4504 quippe
435 4429 486 4502 qui
511 4428 602 4504 ipsius
626 4430 720 4489 oculis
743 4430 889 4490 audiverit
913 4431 985 4490 deas
1019 4432 1057 4492 de
1081 4434 1196 4494 lunone
1229 4434 1333 4511 dispu-
