2978 5122
600 276 823 339 -n-

341 449 444 535 ἔχοντ’
469 452 570 528 ἐλάας
593 455 630 517 θ’
654 454 875 546 ὑψιγέννητον
898 452 1030 533 κλάδον,

341 559 430 643 λήνει
452 572 587 650 μεγίστῳ
612 562 782 646 σωφρόνως
804 564 1010 649 ἐστεμμένον,

342 667 457 752 α’ργῆτι
480 669 606 753 μαλλῷ.
632 703 675 712 -
699 703 742 713 -
768 705 808 712 ·-

242 792 344 862 Vides,
370 812 408 851 ne
433 795 588 870 vestigium
614 795 735 869 quidem
760 815 904 872 apparere
928 798 1035 857 mentis
1051 799 1186 859 turbatae
1206 799 1236 858 in
1252 800 1298 860 his

127 897 235 955 verbis
282 900 380 973 Pergit
403 919 492 962 vero:

127 1015 181 1081 ivs.
209 1007 249 1076 46
274 1007 372 1082 seqq.)
419 1005 569 1091 πρόσθεν
593 1007 628 1070 di
653 1004 794 1091 τάνδρὸς
816 1004 910 1073 τοῦδε
935 1007 1131 1092 θαυμαστὸς
1156 1006 1247 1094 λόχος

446 1109 529 1176 ailla
554 1119 718 1192 γυναικοῖν
741 1111 777 1177 ἓν
800 1107 950 1199 θρόνοισι
972 1110 1098 1197 ἥμενος,
1123 1150 1164 1159 —-
1189 1151 1231 1161 -
1255 1152 1297 1162 -—

127 1218 260 1292 sequitur
277 1218 417 1293 Erinyum
443 1219 505 1276 visu
522 1219 708 1277 horribilium
732 1220 903 1295 descriptio
951 1223 1052 1296 Atque
1075 1222 1151 1281 haee
1174 1224 1296 1299 quidem

128 1325 293 1382 sacerdotis
317 1326 446 1383 narratio
470 1326 559 1384 totius
583 1325 723 1400 Aeschyli
748 1327 937 1385 describendi
967 1327 1100 1398 rationis,
1125 1347 1216 1404 quam
1238 1331 1297 1390 hac

121 1432 157 1488 'in
185 1432 286 1488 sabula
310 1443 426 1489 secutus
448 1443 501 1505 est,
519 1433 635 1508 insigne
659 1433 794 1507 profecto
818 1432 915 1490 obsert
938 1434 1117 1509 exemplum.
1159 1437 1201 1495 Ut
1217 1436 1297 1496 enim

126 1538 241 1613 Pythia,
267 1556 333 1594 cum
360 1540 496 1597 Orestem
528 1558 545 1596 a
574 1538 668 1595 Furiis
693 1538 835 1613 agitatum
866 1538 1018 1610 describit,
1053 1539 1180 1615 primurn
1211 1542 1296 1618 quasi

126 1663 180 1720 per
203 1664 234 1702 se
258 1654 362 1702 tractat
386 1647 532 1714 Orestem,
558 1644 668 1704 deinde
701 1663 771 1703 vero
795 1644 937 1719 Erinyum
966 1645 1137 1705 horribilem
1161 1647 1297 1724 depingit

126 1751 268 1827 speciem,
293 1752 334 1809 ita
358 1772 411 1826 per
434 1763 527 1810 totum
552 1753 657 1809 drama
680 1762 832 1826 separatas
856 1769 976 1826 prorsus
1000 1753 1144 1828 nulloque
1166 1753 1242 1813 inter
1264 1774 1297 1815 se

125 1877 218 1916 nexas
235 1857 353 1916 vinculo
371 1859 496 1934 opponit
520 1858 597 1915 inter
618 1876 649 1915 se
674 1867 764 1933 poeta
781 1857 895 1916 Orestis
911 1858 1127 1933 Furiarurnque
1142 1879 1294 1935 personas.

126 1964 232 2022 Nullus
256 1964 388 2022 fabulam
413 1964 602 2039 perlustranti
633 1963 762 2022 occurrit
793 1964 887 2032 locus,
922 1982 981 2038 qno
1014 1977 1113 2024 mente
1147 1965 1293 2027 alienatus

126 2070 262 2128 videatur
285 2072 414 2129 Orestes
463 2071 522 2129 Sed
547 2089 608 2127 non
632 2072 729 2127 solum
753 2069 919 2145 potissima,
945 2070 1036 2129 imm'o
1060 2081 1123 2130 tota
1146 2074 1295 2141 amentiae

125 2163 287 2252 descriptio
304 2178 431 2235 efficitur
447 2178 600 2235 Furiarum
624 2177 768 2253 personis.
809 2178 898 2235 Nulla
922 2177 1010 2253 igitur
1025 2178 1123 2237 morbi
1139 2179 1296 2239 cuiusdam

125 2282 238 2341 indicia
261 2283 291 2341 in
315 2284 380 2358 ipso
407 2295 565 2341 cernuntur
582 2286 698 2354 Oreste,
717 2284 768 2358 qui
793 2284 965 2359 ubicunque
989 2284 1018 2341 in
1040 2303 1161 2344 scenam
1184 2285 1294 2362 prodit,

125 2410 229 2448 sanam
245 2410 364 2465 prorsus
389 2410 460 2466 prae
477 2411 508 2449 se
526 2393 581 2450 fert
597 2402 738 2449 mentem.
778 2391 843 2450 Nec
859 2409 929 2450 vero
953 2391 1020 2449 ullis
1036 2391 1181 2450 excitatur
1203 2391 1296 2457 animi

125 2496 210 2555 malis
233 2497 424 2556 conscientiis
448 2509 569 2574 propter
592 2498 692 2556 matris
716 2517 832 2569 necem,
849 2497 962 2573 quippe
985 2516 1076 2572 quam
1092 2516 1130 2557 ne
1154 2497 1217 2557 iure
1233 2497 1295 2572 qui-

125 2603 193 2660 dem
219 2603 322 2661 ulcisci
344 2604 371 2662 ei
397 2604 552 2663 videantur
575 2606 651 2664 deae
676 2604 846 2679 punitrices

232 2711 396 2782 Quaerenti
421 2711 518 2786 igitur,
543 2730 620 2786 quae
644 2711 681 2769 sit
704 2711 779 2768 ratio
803 2711 888 2769 huius
912 2710 1049 2769 insaniae
1071 2710 1292 2786 descriptionis

124 2815 168 2871 sic
180 2816 240 2873 fere
257 2816 481 2891 responderim:
502 2817 628 2875 secernit
644 2817 809 2892 Aeschylus
825 2816 864 2874 ab
880 2815 1054 2874 insanientis
1066 2815 1180 2876 Orestis
1195 2826 1295 2879 niente

124 2922 247 2979 affectus
270 2921 416 2992 insaniae,
441 2942 516 2997 quos
548 2923 632 2998 quasi
665 2923 695 2980 in
719 2942 751 2982 se
781 2923 894 2998 positos
918 2922 1060 2996 Erinyum
1084 2921 1221 2997 personis
1252 2940 1294 2982 re·

123 3037 302 3099 praesentat.
351 3027 408 3085 His
432 3028 600 3086 continetur
616 3028 722 3086 suroris
746 3028 926 3103 descriptio;
945 3029 993 3086 sac
1017 3027 1097 3086 enim
1114 3028 1220 3087 abesse
1242 3046 1293 3094 eas

123 3141 212 3206 atque
246 3133 334 3191 totius
358 3134 472 3192 Orestis
503 3135 636 3193 insaniae
667 3145 799 3192 remanet
831 3153 902 3192 sane
932 3133 1015 3192 nihil.
1064 3135 1152 3192 Hanc
1184 3143 1293 3210 poetae

124 3240 267 3299 rationem
293 3242 317 3300 si
341 3242 419 3300 bene
443 3243 587 3300 habemus
612 3251 808 3316 perspectam,
826 3241 937 3297 nullam
962 3249 1062 3298 movet
1085 3239 1291 3311 offensionem,

124 3348 206 3421 quod
242 3347 306 3423 ipse
341 3348 463 3407 Orestes
498 3366 617 3422 prorsus
653 3356 697 3404 est
729 3347 804 3404 liber
836 3345 992 3404 affectibus
1027 3345 1160 3406 insaniae
1194 3345 1293 3405 morbi

122 3455 258 3529 propriis¹

226 3563 292 3636 Jam
317 3581 387 3619 vero
418 3561 612 3619 subsistentes
637 3560 767 3635 paullum
792 3559 897 3617 iterum
930 3558 968 3616 ad
1002 3557 1062 3616 Od.
1097 3557 1233 3616 Muelleri
1263 3567 1294 3627 et

124 3667 291 3724 Hermanni
314 3667 556 3741 controversiam
572 3677 760 3725 revertamur.
809 3664 946 3737 Quorum
980 3663 1070 3721 utrius
1101 3662 1292 3723 discedamus

122 3773 152 3829 in
177 3775 352 3832 sententiam
377 3792 558 3849 quamquam
588 3772 658 3830 satis
682 3782 793 3831 certum
827 3770 915 3828 nobis
939 3780 983 3829 est
1018 3788 1034 3828 e
1065 3769 1292 3845 comparatione

121 3898 189 3937 cum
207 3881 383 3938 Prometheo
407 3881 508 3938 sabula
532 3879 672 3947 instituta,
691 3897 772 3936 nunc
797 3895 865 3935 vero
889 3894 927 3934 ne
952 3874 1064 3949 ambigi
1087 3874 1208 3950 quidem
1231 3894 1291 3934 arn·

122 3986 199 4062 plius
224 4005 313 4062 posse
330 3987 503 4061 putaverim.
544 3987 660 4060 Nempe
685 3995 818 4060 apparet,
835 3983 860 4041 si
884 4002 953 4040 vera
978 3991 1055 4040 esset
1070 3981 1207 4041 Muelleri
1231 3999 1290 4041 sus·

122 4093 213 4168 pici0,
238 4093 408 4151 necessario
432 4113 497 4151 esse
521 4102 759 4159 consecuturum,
793 4090 853 4148 alia
884 4089 998 4147 ratione
1030 4087 1060 4145 in
1092 4088 1289 4163 Choephoris,

120 4199 180 4256 alia
204 4200 294 4274 longe
326 4200 356 4257 in
381 4199 590 4257 Euminidibus
623 4199 743 4256 easdem
768 4197 911 4270 Erinyum
944 4213 1086 4270 personas
1119 4194 1291 4253 adhibuisse

121 4307 312 4380 Aeschylum.
361 4306 426 4363 Illic
450 4305 530 4363 enim
554 4323 656 4363 revera
681 4304 795 4362 Orestis
827 4321 910 4361 mens
934 4311 1112 4377 perterretur
1136 4300 1290 4359 Furiarum

120 4412 188 4470 dira
211 4411 311 4487 specie
333 4421 422 4485 atque
447 4411 487 4469 ita
504 4409 682 4469 describitur
705 4408 831 4478 insania,
849 4417 881 4465 ut
904 4425 940 4465 ex
956 4407 1022 4481 ipso
1039 4405 1152 4465 Orestis
1168 4416 1290 4479 pectore

1199 4670 1428 4816 -fl
