2978 5122
680 285 902 356 -36-

207 479 392 539 describitur.
440 477 547 552 Agitur
576 477 615 536 de
638 476 719 534 Ionis
753 476 907 544 monodia,
942 494 1019 550 quae
1050 485 1093 534 est
1124 474 1202 534 tertii
1232 473 1385 549 epeisodii

211 585 306 645 initi0.
354 586 452 643 Pauca
475 582 645 658 anapaestis
668 584 768 640 locuta
791 582 830 639 ad
854 582 1011 639 dochmios
1034 582 1180 640 transiens
1208 580 1328 638 insania
1352 597 1386 636 se

210 690 318 766 corripi
344 693 377 748 Io
401 691 520 748 clamat.
567 691 691 763 Iamque
714 688 794 746 idem
818 688 879 745 sere
908 688 1087 746 describitur
1109 697 1198 762 atque
1228 688 1258 744 in
1283 687 1385 744 Choe-

209 795 321 873 phoris.
369 798 448 855 Nam
473 807 504 854 ut
527 797 632 853 ionem
656 793 730 868 Argi
752 803 895 868 perterret
927 794 1038 868 imago,
1073 792 1181 851 atrocis
1215 792 1384 866 agitatoris

208 903 250 961 ita
274 902 411 962 Orestem
437 902 617 959 insectantur
640 900 774 974 Erinyes.
823 899 968 956 Nimirum
993 899 1116 974 singulis
1141 899 1281 957 differunt
1303 899 1386 970 lociq

209 1008 322 1084 quippe
345 1008 394 1066 hic
418 1008 521 1066 iterum
546 1007 692 1064 habemus
709 1005 882 1080 repentinae
905 1005 1003 1063 morbi
1022 1005 1213 1076 accessionis,
1231 1005 1293 1063 illic
1310 1024 1386 1062 vero

208 1114 338 1172 ineuntis
371 1113 505 1171 insaniae
538 1112 780 1188 descriptionem.
838 1112 976 1186 Utroque
1006 1121 1108 1169 tamen
1143 1112 1212 1169 loco
1244 1111 1287 1169 ita
1320 1129 1386 1168 rem

211 1220 337 1278 instituit
360 1219 535 1303 Aeschylus,
561 1228 592 1275 ut
615 1218 652 1288 ei,
678 1217 730 1292 qui
754 1217 858 1291 agitari
882 1217 938 1274 sibi
970 1218 1117 1286 videntur,
1150 1217 1316 1292 depingant
1343 1217 1388 1274 di-

210 1346 272 1384 ram
305 1325 482 1400 agitatorum
513 1325 572 1382 vim
608 1336 636 1382 et
672 1324 814 1399 speciem,
851 1342 912 1396 quo
948 1323 1116 1381 continetur
1150 1333 1213 1381 tota
1247 1322 1388 1381 insaniae

209 1431 380 1507 descriptio.

319 1539 388 1595 Hoc
412 1536 515 1612 quanti
546 1537 582 1594 sit
606 1536 749 1594 momenti
782 1536 821 1594 ad
845 1536 1060 1594 diudicandam
1096 1535 1231 1594 Muelleri
1255 1545 1285 1594 et
1309 1537 1390 1593 Her-

212 1644 315 1703 manni
339 1642 583 1712 controversiam,
608 1641 696 1700 facile
720 1642 877 1716 intelliges
918 1642 1027 1700 Subest
1051 1642 1138 1717 igitur
1168 1641 1275 1700 eadem
1310 1642 1390 1700 ratio

213 1750 331 1824 utrique
354 1749 490 1807 insaniae
514 1748 718 1823 descriptioni.
765 1748 858 1822 Atqui
892 1749 976 1805 abest
1009 1748 1040 1805 in
1075 1747 1252 1806 Prometheo
1284 1749 1391 1806 sabula

212 1855 284 1932 Argi
309 1856 419 1930 imag0,
440 1874 500 1930 qua
523 1864 647 1913 terretur
669 1856 713 1921 Io,
736 1873 834 1928 neque
858 1864 902 1912 est
925 1854 981 1911 nisi
1006 1854 1036 1910 in
1053 1854 1267 1929 imaginatione
1283 1854 1392 1912 mulie·

214 1963 253 2020 ris
277 1972 376 2020 mente
401 1962 558 2020 alienatae.
606 1960 688 2017 Hinc
711 1960 781 2017 satis
806 1959 878 2017 mihi
901 1960 1018 2018 videtur
1040 1962 1166 2027 elucere,
1191 1979 1253 2018 non
1277 1961 1393 2020 cadere

213 2069 244 2126 in
270 2068 384 2126 Orestis
408 2067 514 2125 suroris
538 2065 770 2142 descriptionem
794 2067 924 2140 ipsarum
956 2067 1077 2124 dearum
1110 2066 1309 2141 praesentiam
1347 2101 1390 2111 -

320 2176 421 2248 Atque
451 2172 562 2242 omnia,
594 2190 672 2246 quae
705 2173 848 2229 hactenus
888 2174 926 2231 de
957 2173 1038 2230 Ionis
1071 2183 1101 2230 et
1125 2172 1239 2231 Orestis
1267 2172 1393 2231 insania

216 2289 284 2339 sunt
308 2280 472 2355 disputata,
494 2279 545 2353 qui
569 2278 812 2346 consideraverit,
838 2279 943 2336 curin
967 2279 1094 2337 eandem
1119 2279 1227 2336 cadere
1258 2279 1393 2337 formam

215 2387 462 2461 Choephororum
499 2393 527 2442 et
561 2383 730 2442 Promethei
765 2383 886 2442 fabulae
919 2385 1150 2460 descriptionem
1183 2384 1267 2442 initio
1302 2384 1394 2442 huius

216 2491 434 2550 dissertationis
459 2490 550 2565 partis
581 2508 735 2567 ponerem,
769 2489 817 2545 vix
850 2491 972 2564 negabit
1005 2491 1133 2549 rationes
1166 2509 1214 2548 me
1248 2491 1397 2548 habuisse

216 2597 286 2657 satis
319 2597 454 2657 idoneas.
503 2597 618 2665 Restat,
648 2606 679 2652 ut
712 2597 911 2666 enucleemus,
937 2615 997 2669 qua
1029 2608 1091 2655 arte
1115 2597 1145 2654 in
1169 2597 1395 2655 Eumenidibus

216 2704 344 2762 furorem
368 2702 533 2777 Aeschylus
557 2702 755 2777 descripserit.

325 2810 405 2868 Sane
428 2808 550 2884 quidem
574 2807 652 2866 viam
677 2809 767 2882 longe
792 2808 881 2865 aliam
907 2808 1056 2884 ingressus
1080 2827 1145 2867 esse
1169 2808 1284 2866 videtur
1301 2820 1398 2884 poeta

216 2915 276 2972 hoc
299 2915 330 2973 in
354 2915 505 2987 dramate,
532 2913 643 2989 quippe
668 2914 718 2989 qui
751 2913 831 2988 ipsas
855 2913 997 2988 Erinyum
1028 2933 1172 2990 personas
1203 2914 1233 2972 in
1267 2933 1398 2974 scenam

218 3021 375 3079 induxerit.
891 3008 892 3011 ¹

325 3126 436 3184 Nescio
468 3136 579 3193 tamen,
612 3145 649 3184 an
683 3126 816 3186 eiusdem
849 3127 961 3202 ingenii
995 3127 1138 3202 impressa
1169 3127 1208 3185 sis
1239 3127 1399 3203 agniturus

220 3232 346 3307 vestigia
369 3232 459 3290 etiam
483 3233 540 3290 hac
564 3232 594 3290 in
618 3232 829 3308 descriptione,
854 3234 878 3291 si
903 3253 963 3308 qua
979 3234 1094 3291 ratione
1109 3235 1274 3309 Aeschylus
1290 3236 1401 3294 Furias

221 3337 440 3396 describendae
464 3337 598 3396 insaniae
622 3338 800 3407 adbibuerit,
825 3357 943 3397 mecum
967 3340 1171 3414 perpenderis.

327 3444 389 3507 Sub
413 3442 524 3502 exitum
548 3444 797 3519 Choephororum
822 3446 959 3504 Orestem
987 3446 1113 3504 vidimus
1136 3446 1239 3522 primis
1258 3447 1401 3506 insaniae

220 3549 312 3607 initiis
336 3549 445 3608 vexari.
493 3550 610 3608 Iudicat
633 3550 698 3625 ipse
721 3551 855 3625 corporis
879 3551 1046 3625 mentisque
1070 3552 1113 3608 sui
1138 3562 1231 3610 status
1255 3554 1318 3611 fieri
1337 3572 1401 3611 mu·

220 3657 376 3714 tationem.
426 3656 539 3730 Sponte
563 3655 652 3730 igitur
674 3658 715 3726 fit,
740 3668 771 3714 ut
794 3657 994 3715 Eumenidum
1018 3659 1143 3716 exordio
1167 3677 1240 3731 ,eum
1274 3677 1401 3734 exspec-

220 3773 317 3820 temus
341 3761 489 3832 Orestem,
515 3762 545 3818 in
566 3781 626 3836 quo
644 3762 741 3820 morbi
758 3781 897 3838 expressa
914 3763 973 3821 iam
990 3775 1154 3839 appareant
1170 3764 1264 3839 signa.
1302 3766 1400 3837 Quod

223 3886 314 3943 quam
339 3868 412 3925 false
437 3867 603 3943 opinemur,
629 3869 727 3926 statim
752 3870 930 3944 prologusa
953 3870 1058 3944 Pythia
1081 3871 1238 3942 sacerdote
1256 3870 1402 3929 recitatus

213 3974 363 4040 ostendit.
412 3974 598 4032 Describitur
621 3974 744 4033 Orestes
768 3994 786 4034 a
809 3975 904 4032 Furiis
928 3976 1055 4051 agitatus
1080 3975 1214 4033 versibus
1239 3997 1280 4048 40
1309 3995 1401 4053 seqq.

224 4081 401 4147 Audiamus,
416 4098 496 4154 quae
507 4080 609 4139 videat
624 4081 730 4155 Pythia
743 4081 773 4138 in
787 4081 926 4139 interiore
942 4082 1045 4156 templi
1062 4092 1154 4157 parte.
1181 4083 1289 4141 Narrat
1304 4083 1402 4148 haec:

437 4203 505 4282 ‹ipoi
528 4203 556 4266 δ’
581 4200 633 4267 ἐπ’
661 4203 803 4290 ὀμφαλῷ
824 4209 886 4286 μὲν
909 4201 1017 4289 ἄνδρα
1041 4206 1191 4288 θεομυσῆ

439 4309 540 4394 ἕδραν
564 4305 680 4392 ἔχοντα
705 4308 958 4395 προστρόπαιον.
985 4311 1103 4392 αἵματι

439 4414 602 4493 στάζοντα
627 4430 736 4501 χοῖρος
759 4424 816 4482 καὶ
840 4415 1018 4495 νεοσπαδὲς
1042 4418 1131 4503 ξίφος
