2978 5122
629 208 844 264 ..,4..

149 388 257 448 mentis
283 394 375 448 status
400 386 643 463 descriptionem,
669 385 740 446 satis
761 385 862 445 habeo
886 404 922 444 eo
946 384 1101 456 illustrare,
1127 382 1214 459 quod
1239 381 1328 452 Aiax,

150 516 331 573 quamquam
356 496 429 553 nihil
464 497 502 554 de
527 495 629 554 divina
660 493 794 552 insaniae
823 493 938 568 origine
966 513 984 550 a
1012 494 1178 550 Tecmessa
1211 491 1331 548 discere

149 613 274 680 poterat,
298 613 399 661 tamen
424 603 501 660 bene
525 611 569 659 est
592 601 730 659 conscius
751 600 852 677 paullo
877 609 945 676 post
968 599 1122 658 Minervae
1146 595 1331 655 calamitatis

151 710 289 768 auctricis
314 702 364 790 (cs.
390 729 447 767 vss.
473 728 533 780 401
562 707 661 784 seqq.)

257 817 362 891 Longe
378 834 449 874 vero
473 815 559 874 aliter
575 815 733 890 Euripides
757 813 900 872 describit
917 814 1079 872 Herculem
1103 813 1142 871 ad
1167 812 1333 870 sanitatem

152 923 336 981 redeuntem.
392 924 498 997 Neque
518 921 653 996 negabis,
673 920 778 978 mirum
803 920 833 978 in
850 920 973 978 modum
996 921 1075 978 hanc
1091 919 1334 996 descriptionem

152 1047 218 1088 cum
243 1029 420 1105 Kraepelini
443 1029 541 1087 verbis
566 1047 656 1103 supra
679 1028 840 1101 exsignatis
865 1027 1033 1085 concinere.

257 1155 357 1228 Atque
372 1154 500 1229 primum
517 1154 547 1210 in
564 1154 704 1223 Hercule,
729 1153 813 1211 finito
841 1171 949 1227 sopore
973 1154 1062 1228 plane
1086 1153 1205 1211 evanuit
1231 1152 1337 1212 omnis

153 1260 347 1330 calamitatis,
384 1278 460 1334 quae
495 1260 588 1319 modo
623 1259 749 1331 accidit,
784 1259 938 1317 memoria.
997 1261 1141 1318 Versatur
1175 1260 1260 1318 enim
1304 1260 1337 1317 in

154 1387 190 1426 ea
213 1367 320 1426 mentis
357 1367 552 1442 corporisque
577 1366 777 1436 confectione,
810 1376 841 1423 ut
864 1366 937 1423 nihil
970 1365 1054 1423 initio
1079 1384 1251 1442 agnoscens
1276 1366 1338 1424 nisi

154 1475 280 1541 coelum,
299 1484 414 1542 terram,
432 1475 536 1540 solem,
555 1472 652 1530 statim
669 1472 777 1530 sentiat
795 1491 826 1530 se
844 1491 880 1530 ex
896 1472 980 1548 gravi
996 1473 1220 1547 perturbatione
1239 1474 1338 1531 modo

154 1599 185 1638 se
201 1580 376 1654 collegisse.
414 1583 569 1656 Apparent
586 1581 665 1638 enim
683 1580 713 1637 in
730 1598 856 1655 corpore
873 1579 980 1649 morbi,
999 1598 1059 1653 quo
1075 1579 1233 1647 laboravit,
1253 1581 1339 1637 clara

157 1685 283 1761 vestigia
306 1688 385 1744 velut
410 1687 559 1760 pulmonis
593 1705 696 1761 graves
720 1687 850 1743 necdum
884 1685 922 1743 ad
944 1686 1099 1761 pristinam
1130 1687 1338 1744 constantiam

155 1793 285 1854 revocati
319 1793 475 1851 anhelitus
523 1793 617 1851 Vides
648 1793 751 1867 igitur,
786 1793 875 1850 etiam
908 1792 957 1848 hic
988 1792 1121 1867 corporis
1155 1793 1338 1850 affectiones

156 1917 267 1974 easque
290 1899 375 1956 huius
399 1900 496 1956 morbi
520 1900 657 1975 proprias
684 1900 722 1956 ab
739 1898 882 1973 Euripide
906 1898 1046 1966 describi,
1065 1898 1191 1956 omissas
1208 1918 1336 1974 prorsus

156 2026 174 2063 a
205 2006 365 2080 Sophocle.
413 2005 599 2063 Pedetentim
637 2004 747 2063 deinde
775 2004 900 2078 percipit
928 2005 1083 2073 Hercules
1112 2023 1190 2079 quae
1219 2005 1338 2063 circum

156 2131 224 2188 eum
250 2112 357 2180 iacent,
383 2130 460 2185 quae
494 2121 594 2169 tamen
619 2122 650 2169 ut
680 2129 748 2168 vere
773 2120 918 2184 agnoscat
950 2120 1064 2167 tantum
1089 2111 1183 2183 abest,
1210 2122 1241 2168 ut
1267 2132 1338 2170 cum

158 2218 357 2283 admiratione
375 2228 507 2292 quaerat,
526 2237 564 2275 an
590 2219 695 2276 iterum
711 2218 742 2273 in
761 2217 873 2274 Orcum
897 2217 1073 2290 pervenerit.
1114 2218 1234 2276 Deinde
1251 2238 1338 2288 ver0,

159 2344 226 2383 eum
251 2325 398 2398 desperet,
425 2343 456 2382 se
480 2324 577 2399 ipsum
602 2324 706 2381 miram
732 2342 827 2380 rerum
853 2323 1064 2380 condicionem
1089 2342 1178 2398 posse
1203 2324 1264 2381 sibi
1290 2345 1338 2383 ex-

157 2431 278 2507 plicare,
313 2442 427 2504 patrem
457 2430 528 2488 adit.
577 2430 638 2502 Qui
669 2440 828 2504 postquam
860 2430 912 2487 diu
947 2430 1052 2487 frustra
1084 2430 1206 2503 studuit,
1241 2440 1274 2487 ut
1307 2432 1338 2488 in

158 2537 334 2596 memoriam
358 2535 420 2592 tilio
445 2536 582 2593 insanum
607 2536 723 2593 facinus
756 2536 912 2610 redigeret,
938 2545 1031 2592 totam
1055 2537 1186 2610 denique
1211 2538 1339 2595 calami-

158 2652 249 2701 tatem
273 2641 390 2716 roganti
415 2642 476 2698 filio
501 2642 632 2716 exponit.
680 2644 780 2716 Atque
811 2642 888 2699 adeo
912 2660 991 2710 non,
1017 2642 1088 2699 dum
1113 2653 1214 2700 narrat
1237 2654 1337 2719 pater,

160 2748 308 2808 memoria
332 2748 471 2805 Herculis
501 2749 670 2819 restituitur,
702 2758 733 2805 ut
758 2749 805 2805 vix
837 2749 941 2806 credat
974 2749 1012 2805 de
1048 2748 1140 2823 patris
1172 2750 1338 2808 verborum

158 2856 289 2914 veritate.

266 2964 335 3020 Hoc
359 2961 495 3019 diverbio
520 2961 684 3018 clarissime
710 2962 825 3018 elucere
849 2961 922 3018 mihi
945 2961 1061 3019 videtur
1083 2961 1191 3019 subtile
1224 2975 1339 3038 poetae

157 3068 288 3127 veritatis
314 3067 452 3124 studium.
504 3067 585 3139 Quin
611 3067 669 3123 hoc
693 3067 855 3134 contend0,
887 3087 948 3124 non
980 3067 1050 3124 satis
1083 3086 1171 3142 posse
1199 3067 1340 3145 intellegi

158 3175 236 3231 hanc
261 3192 392 3241 scenam,
418 3172 475 3229 nisi
501 3173 552 3229 tali
586 3172 712 3228 consilio
745 3191 830 3228 usum
864 3190 929 3229 esse
963 3173 1136 3248 Euripidem
1169 3193 1338 3234 sumamus.

159 3281 262 3337 Habet
285 3279 364 3336 enim
382 3279 457 3336 haec
480 3280 601 3352 quidem
626 3278 787 3352 descriptio
811 3279 941 3352 aliquam
966 3280 1171 3349 offensionem,
1194 3300 1264 3338 cum
1281 3283 1340 3340 sci-

160 3396 212 3442 ant
236 3395 419 3460 spectatores
444 3404 548 3443 omnes
573 3385 638 3442 illas
664 3403 718 3450 res,
745 3403 819 3457 quas
844 3385 905 3442 filio
936 3395 996 3442 tam
1030 3386 1196 3443 minutatim
1231 3389 1342 3448 frusta·

158 3491 272 3565 timque
297 3491 420 3565 exponit
444 3501 545 3566 pater;
573 3509 672 3565 neque
695 3490 825 3560 mirarer,
862 3492 886 3547 si
915 3491 963 3548 hic
994 3493 1168 3550 adnotasset
1192 3493 1341 3554 Wilamo

159 3598 234 3666 witz,
259 3597 423 3654 excessisse
446 3607 566 3672 poetam
591 3597 733 3654 terminos
757 3598 826 3654 artis
851 3598 1035 3656 dramaticae
1060 3599 1175 3674 legibus
1209 3599 1341 3661 circum-

159 3704 294 3778 scriptos.

266 3810 444 3872 Universam
478 3810 565 3886 igitur
598 3830 666 3867 cum
700 3810 817 3869 intueor
850 3810 973 3869 insanae
1004 3813 1236 3888 descriptionem
1272 3833 1342 3874 non

159 3935 281 3993 possum
305 3917 474 3974 concedere
498 3916 733 3985 WilamowitziO,
761 3917 872 3992 ingenii
897 3919 1025 3975 ubertati
1052 3919 1140 3976 nimis
1173 3919 1341 3981 indulsisse

160 4022 344 4097 Euripidem,
370 4023 431 4095 qui,
457 4022 481 4078 si
505 4022 650 4096 peccavit,
677 4033 798 4097 propter
821 4023 909 4080 nimis
934 4034 1102 4082 accuratam
1126 4025 1258 4083 veritatis
1284 4029 1341 4085 ob·

160 4128 360 4187 servationem
386 4129 484 4202 lapsus
509 4138 562 4197 est,
588 4129 629 4186 ita
653 4140 683 4186 ut
707 4129 917 4203 descriptionis
941 4130 1168 4205 singularitates,
1189 4150 1265 4205 quas
1284 4154 1340 4192 no-

159 4234 231 4292 tavit
255 4234 462 4302 Wilamowitz,
487 4253 549 4291 non
573 4244 633 4291 tam
659 4245 768 4310 poetae
793 4236 950 4292 luxurianti
976 4256 1064 4312 quam
1090 4247 1212 4295 naturae
1236 4240 1340 4312 perito

160 4339 319 4421 tribuenda
344 4341 507 4400 videantur.
