2978 5122
649 114 870 171 ..29-

174 307 236 348 mus
261 291 477 366 metaphoram,
503 309 561 365 qua
584 288 767 364 significatur
789 290 906 348 turbata
928 288 1011 347 Ionis
1032 289 1188 347 verborum
1213 288 1340 363 indoles,

172 396 255 471 quod
272 399 452 466 Hermanus,
470 397 652 462 SchuetziuS,
672 397 793 454 Weilius
817 407 897 455 recte
913 397 1059 454 viderunt.

279 540 378 598 Ceteri
402 541 576 616 interpretes
600 549 679 597 recte
709 558 813 596 vocem
848 537 985 624 θολερός
1015 539 1054 596 ad
1077 538 1233 612 sequentia
1265 539 1342 596 trahi

167 645 303 704 noluere.
340 648 426 704 Errat
450 657 547 704 autern
573 646 744 703 Schuetzius
769 647 798 702 in
824 645 1003 721 explicando
1028 645 1179 720 scriptoris
1203 645 1339 713 consilio,

167 752 231 825 qui,
270 753 443 828 »significat«
478 751 541 826 (sic.
567 751 632 830 io),
665 752 769 826 inquit,
800 753 953 827 »querelag
978 770 1050 825 qaas
1073 753 1124 808 nix
1147 771 1193 808 arr
1209 752 1343 827 profare

165 859 276 927 rralcat,
300 859 376 916 ar'lrr'l
395 859 530 916 adversas
552 859 739 915 calamitatem
756 859 920 934 prateae«
970 858 1048 914 Nam
1073 858 1202 915 dubitari
1226 858 1339 932 nequit,

165 964 242 1038 quin
269 963 358 1022 etiarn
382 965 412 1022 hi
436 983 537 1022 versus
562 965 600 1022 ad
624 965 720 1022 solam
744 965 911 1039 pertineant
944 963 1078 1021 insaniae
1108 963 1340 1039 descriptionem

164 1071 361 1146 eandemque
386 1082 485 1146 atque,
510 1071 562 1145 qui
591 1072 781 1140 antecedunt,
812 1071 943 1128 habeant
975 1080 1162 1145 potestatem.
1198 1070 1340 1145 Corporis

164 1176 288 1234 insania
312 1177 409 1235 affecti
434 1187 540 1235 statum
565 1177 607 1234 eis
631 1178 794 1251 depingere
816 1178 878 1234 vult
901 1185 1001 1251 poeta.
1038 1177 1155 1249 Quibus
1180 1177 1254 1250 quid
1277 1176 1340 1234 illu-

165 1292 290 1355 stretur,
323 1283 458 1341 indicant
489 1302 589 1341 versus
622 1283 748 1357 proximi
781 1285 872 1340 verba
902 1277 1044 1365 γλώσσης
1068 1277 1228 1368 α’κρατής,
1263 1300 1341 1357 quae

164 1388 232 1447 iure
256 1389 458 1447 Weckleinius
482 1390 501 1448 l.
526 1391 544 1446 l.
571 1390 694 1448 adhibet
714 1392 822 1447 horum
846 1390 1002 1447 verbonrm
1021 1388 1222 1464 explicationi.
1261 1390 1338 1446 Nam

165 1495 349 1554 describitur
371 1498 474 1554 Ionem
499 1515 570 1570 prae
594 1496 700 1554 rabido
725 1497 829 1553 furoris
846 1496 957 1571 impetu
980 1513 1083 1552 vocem
1100 1495 1237 1564 deficere,
1257 1495 1339 1569 quod

166 1620 205 1659 ex
230 1602 329 1659 crebis
353 1613 397 1660 est
421 1603 506 1660 huius
530 1602 627 1659 morbi
651 1602 752 1677 signis.
801 1602 899 1674 Quam
929 1601 1069 1674 equidem
1100 1601 1276 1658 sententiam
1300 1601 1340 1658 ita

165 1709 229 1765 fere
255 1707 549 1783 circumscripserim:
587 1709 679 1766 verba
702 1727 769 1766 mea
793 1710 910 1766 turbata
926 1718 1036 1765 temere
1052 1708 1250 1781 proferuntur,
1268 1707 1340 1780 quia

166 1815 254 1872 dirae
278 1814 413 1872 insaniae
436 1815 542 1873 fluctus
567 1813 677 1872 invicta
700 1815 738 1881 vi,
757 1833 885 1888 quacum
911 1815 1017 1871 frustra
1037 1814 1141 1882 luctor,
1161 1813 1190 1869 in
1208 1823 1338 1870 mentem

167 1938 269 1978 meam
294 1920 466 1994 irrumpunt.
514 1920 617 1988 Vides,
643 1940 704 1978 non
729 1920 769 1978 ita
794 1922 918 1977 multum
942 1937 990 1977 me
1014 1919 1123 1976 distare
1148 1930 1196 1977 aut
1221 1939 1238 1976 a
1262 1929 1338 1976 cete-

162 2044 270 2084 rorum
294 2026 485 2101 interpretum
511 2038 560 2085 aut
586 2046 603 2084 a
621 2027 800 2084 scholiastae
820 2025 1064 2101 interpretatione
1080 2026 1123 2082 sic
1141 2025 1336 2100 explicantis:

168 2141 407 2214 τεταραγμένοι
426 2132 461 2196 di
479 2131 566 2211 λόγοι
583 2132 626 2207 ὦς
642 2128 735 2209 traxi·
752 2141 969 2215 προσπαίοασι
985 2134 1032 2218 τῷ
1054 2134 1122 2195 rain
1137 2131 1248 2194 κακῶν
1270 2129 1338 2195 κλύ-

164 2237 259 2311 δωνι,
284 2243 369 2303 τοῦτ’
395 2234 481 2303 ἔστιν
504 2236 569 2303 ὑπὸ
594 2234 722 2321 ὀδύνης
737 2231 844 2301 πολλοὶ
866 2236 965 2300 λαλῶ.

277 2382 576 2456 Comprehendamus
600 2400 680 2438 nunc
696 2381 821 2456 singula,
838 2398 915 2455 quae
936 2381 974 2438 de
990 2379 1071 2437 Ionis
1088 2379 1222 2437 insaniae
1239 2380 1337 2438 obser·

159 2487 312 2546 vavimus.
359 2490 452 2546 Deest
485 2488 634 2563 explicata
660 2488 793 2546 insaniae
826 2487 925 2562 imago
956 2497 985 2545 et
1007 2504 1046 2544 ne
1076 2486 1187 2544 insanit
1216 2487 1336 2561 quidem

160 2612 272 2653 revera
296 2596 340 2664 10,
367 2595 420 2652 sed
444 2604 476 2652 ut
499 2613 572 2652 sana
596 2595 634 2651 de
658 2594 764 2651 morbo
788 2612 842 2651 suo
866 2593 962 2661 refert,
987 2592 1028 2650 ita
1057 2604 1089 2650 ut
1121 2593 1247 2668 primurn
1271 2613 1337 2668 pro-

158 2701 241 2775 prie,
268 2700 379 2759 deinde
403 2700 606 2776 metaphorice
631 2701 763 2776 singulos
788 2701 910 2758 affectus
935 2699 1094 2758 describat.
1133 2700 1221 2772 Quae
1245 2718 1337 2773 quan·

125 2885 130 2891 .
156 2817 230 2864 tum
268 2806 345 2863 absit
376 2826 394 2864 a
428 2826 497 2864 vera
532 2807 706 2865 insanientis
744 2805 924 2864 condicione
959 2805 1160 2881 insignissimo
1194 2815 1337 2863 testantur

156 2914 307 2987 exemplo
332 2913 426 2970 ultimi
454 2932 564 2983 versus,
599 2914 711 2988 quippe
740 2913 848 2988 quibus
880 2913 999 2988 egregie
1026 2914 1086 2970 suis
1118 2913 1216 2970 verbis
1245 2912 1336 2987 ipsius
1378 2929 1382 2936 ’

154 3018 251 3076 vocis
276 3019 475 3078 deiectionem
508 3020 659 3096 depingat.
708 3020 847 3077 Morbum
880 3019 967 3095 igitur
990 3020 1021 3076 in
1052 3019 1176 3094 aphasia
1206 3019 1335 3093 positum

154 3125 278 3183 diserte
303 3125 445 3183 describit
469 3128 641 3202 aegrotans!
688 3127 782 3184 Vides
807 3136 938 3201 poetam,
963 3145 1025 3183 non
1049 3136 1202 3184 curantem
1232 3125 1335 3183 verita-

152 3241 237 3300 tem,
264 3231 405 3288 inusitata
428 3242 542 3292 tantum
567 3233 709 3290 orationis
734 3234 829 3289 forma
852 3232 1031 3308 singularem
1055 3232 1135 3289 Ionis
1160 3234 1277 3291 animae
1295 3234 1336 3290 in·

153 3339 270 3396 dolem
295 3337 366 3394 satis
390 3339 531 3397 habuisse
563 3339 665 3397 leviter
688 3348 801 3396 notare.
863 3338 981 3395 Audaci
1014 3337 1103 3411 igitur
1135 3339 1336 3414 inusitataque

152 3443 313 3502 orationis
337 3445 432 3502 forma
456 3465 511 3504 nos
535 3445 676 3520 decipere
692 3446 752 3501 vult
769 3454 867 3520 poeta,
893 3456 1034 3518 tanquam
1053 3462 1121 3502 vere
1138 3443 1267 3503 insaniat
1290 3448 1333 3506 Io,

275 3589 376 3660 Atque
405 3587 444 3644 de
471 3588 546 3645 Ione
572 3587 734 3651 hactenusi
781 3589 915 3644 Transeo
940 3587 979 3644 ad
1003 3586 1116 3644 Orestis
1140 3586 1269 3646 insanire
1293 3588 1334 3645 in·

151 3692 306 3770 cipientis
330 3693 572 3767 descriptionem,
600 3712 678 3766 quae
701 3693 848 3752 invenitur
864 3693 1111 3768 Choephororum
1136 3694 1255 3752 fabulae
1278 3695 1334 3752 sub

151 3801 290 3858 exitum.
337 3799 443 3872 Agitur
465 3800 505 3857 de
527 3799 663 3857 versibus
693 3802 773 3856 1018
798 3818 881 3874 seqq.
907 3800 959 3873 qui
983 3817 1050 3856 cum
1083 3799 1181 3873 plures
1206 3801 1334 3859 habeant

152 3918 196 3964 et
229 3905 367 3963 lectionis
398 3915 427 3963 et
455 3924 558 3964 sensus
587 3906 795 3975 difficultates,
825 3905 1039 3963 accuratiorem
1072 3905 1206 3981 flagitant
1230 3917 1333 3965 tracta·

152 4013 290 4070 tionem.
338 4013 465 4068 Versum
499 4016 590 4069 1018.
621 4012 718 4069 codex
749 4012 904 4069 Mediceus
933 4011 974 4068 ita
997 4012 1136 4074 exhibet:

382 4131 479 4210 ἄλλος
503 4133 546 4199 da
569 4134 642 4218 εἰδῇ
664 4132 741 4198 τοῦτ
764 4127 806 4217 ἄρ
831 4130 892 4198 οἷδ’
917 4131 982 4219 ὅπη
1004 4135 1096 4197 crta.

276 4244 536 4319 supervacaneum
572 4252 617 4302 est
652 4259 757 4302 omnes
787 4242 969 4302 emendandi
1000 4252 1125 4301 conatus
1156 4260 1332 4321 percensere
