2978 5122
257 445 380 524 Optime
404 445 444 506 ad
473 445 563 506 falsas
588 443 702 507 Orestis
726 442 840 504 aurium
873 453 903 505 et
925 444 1080 504 oculorum
1112 443 1324 522 perceptiones

151 555 346 632 Hippocratis
371 555 518 631 quadrant
541 555 617 612 baec
640 555 732 613 verba
754 552 848 611 libelli
880 553 919 612 de
943 553 1049 610 morbo
1073 571 1158 610 sacro
1182 552 1222 609 ad
1247 550 1325 608 insa·

150 661 232 721 niam
255 661 440 737 spectantia:
467 693 506 702 -
526 694 569 704 —
585 654 714 743 ἀνάγκη
730 692 773 703 -
791 693 832 701 -
849 655 931 741 μήτε
954 657 1014 740 τήν
1029 655 1114 745 ὄψιν
1137 647 1327 743 α’τρτμίζτιν

150 765 232 852 μήτε
255 762 314 848 τήν
339 763 451 848 οἷκοήν,
487 762 557 830 ἀλλ’
582 762 699 829 ἄλλοτε
723 758 803 829 ἄλλο
828 764 911 852 cippis>
941 774 997 829 καὶ
1030 763 1171 834 ἀκούειν,
1196 761 1258 846 τήν
1292 785 1328 825 τε

151 870 300 953 γλῶσσαν
332 876 473 942 τοιαῦτα
498 875 725 956 διαλέγεσθαι,
762 872 814 938 οἶα
849 871 893 939 ἄν
923 874 1029 972 βλέπῃ
1063 899 1098 939 τε
1131 878 1188 939 καὶ
1222 869 1327 967 οἷκοῦμ

151 978 314 1077 iuditium.
362 977 415 1064 (cf.
440 986 474 1042 L.
499 985 552 1045 VI.
577 1003 626 1059 pg.
652 985 725 1059 368.
751 982 771 1060 ἓ
800 982 862 1060 14.)

259 1129 339 1186 Tota
368 1146 439 1187 vero
473 1127 636 1204 descriptio
660 1127 701 1185 ita
736 1138 780 1185 est
803 1127 938 1194 formata,
969 1136 1000 1183 ut
1033 1144 1134 1183 veram
1159 1124 1329 1182 habeamus

154 1235 251 1293 morbi
280 1234 449 1311 imaginem.
499 1236 605 1310 Neque
639 1234 723 1293 aliter
754 1244 798 1293 est
829 1234 860 1290 in
889 1232 1004 1292 Orestis
1037 1233 1156 1291 fabulae
1187 1229 1329 1301 exordi0,

153 1342 236 1417 quod
260 1352 329 1418 apte
344 1341 565 1417 comparaveris
589 1359 657 1400 cum
675 1341 923 1416 Choephororum
948 1339 1047 1407 exitu;
1070 1339 1182 1415 quippe
1198 1348 1331 1412 utroque

157 1449 226 1506 loco
244 1447 358 1508 Orestis
382 1457 450 1524 post
466 1447 568 1506 matris
586 1466 690 1506 necem
708 1458 800 1505 status
817 1445 1003 1505 describitur.
1036 1447 1117 1503 Ecce
1133 1463 1203 1503 vero
1221 1444 1331 1502 miram

153 1554 229 1613 inter
245 1555 426 1630 Aeschylum
450 1565 478 1613 et
496 1553 671 1630 Euripidem
687 1551 903 1612 differentiam!
923 1552 1026 1610 Paullo
1051 1561 1118 1627 post
1134 1550 1331 1626 parricidium

154 1672 242 1720 acuta
266 1660 340 1720 febri
364 1660 522 1736 corripitur
546 1661 676 1719 Orestes.
703 1660 740 1718 cs.
766 1679 823 1721 vss.
850 1648 961 1735 34l35.
1008 1657 1189 1716 Vehementi
1209 1657 1332 1716 laborat

153 1767 288 1844 corporis
304 1766 472 1842 mentisque
496 1767 696 1826 confectione.
722 1768 761 1825 cf.
785 1785 843 1825 vss.
862 1786 903 1841 39
928 1786 995 1841 sqq.
1029 1765 1124 1824 Modo
1149 1764 1331 1834 intermittit,

154 1875 247 1936 modo
271 1873 411 1933 increscit
433 1873 531 1933 morbi
553 1873 689 1949 impetus

263 2017 344 2075 Nolo
379 2026 479 2075 tamen
514 2015 604 2075 totius
636 2015 846 2091 descriptionis
877 2016 1010 2092 singulas
1042 2024 1142 2090 partes
1174 2014 1330 2089 persequi,

154 2143 230 2199 quas
254 2124 293 2181 ad
317 2123 348 2180 id
372 2140 476 2181 omnes
506 2121 679 2198 conspirare
711 2122 915 2197 unusquisque
948 2121 1124 2187 consentiet,
1149 2130 1181 2178 ut
1211 2120 1332 2178 febrici-

154 2230 244 2290 tantis
267 2228 397 2287 hominis
422 2247 593 2304 expressam
617 2228 770 2288 videamus
795 2228 966 2303 imaginem.
1006 2228 1098 2286 Redit
1122 2226 1213 2285 febris
1238 2227 1332 2301 impe-

155 2346 201 2394 tus
224 2355 265 2394 vs.
295 2352 366 2411 253,
392 2333 475 2409 quod
499 2334 632 2394 indicant
656 2335 731 2393 haec
755 2337 892 2394 Electrae
916 2335 1025 2394 verba:

315 2443 410 2522 οἴμοι,
434 2442 608 2524 κασίγνητ’,
633 2436 725 2524 ὄμμα
750 2434 808 2507 σὸν
831 2439 1038 2527 ταράσσεται,

315 2544 418 2629 ταχῦς
440 2545 479 2610 δέ
497 2553 643 2628 μετέθου
668 2546 799 2624 λύσσαν,
824 2545 899 2634 ἄρτι
918 2547 1107 2633 σωφρονῶν.

265 2671 380 2730 Delirio
397 2690 556 2747 oppressus
581 2672 710 2730 aFuriis
735 2672 792 2730 sibi
809 2673 926 2731 videtur
949 2671 1072 2747 agitari3
1096 2690 1221 2747 quarum
1240 2691 1329 2730 unam

156 2798 221 2838 esse
244 2778 385 2854 opinatur
408 2778 557 2837 Electram
582 2778 687 2854 ipsam,
713 2798 790 2855 quae
812 2798 902 2837 manu
925 2778 1052 2837 retinere
1075 2779 1174 2837 studet
1197 2780 1328 2837 fratrem.

155 2888 194 2944 cf.
218 2904 275 2944 vss.
305 2878 435 2961 264l65.

263 3008 340 3067 Satis
350 3007 439 3083 igitur
454 3020 542 3085 patet
552 3010 739 3084 Aeschyleae
757 3009 880 3068 rationis
891 3011 1003 3068 nullum
1014 3009 1063 3067 hic
1074 3009 1200 3068 inveniri
1213 3010 1329 3086 vestigi-

155 3134 216 3187 um,
229 3114 285 3173 nisi
299 3115 373 3173 forte
386 3116 615 3192 comparaverim
636 3117 718 3190 quod
735 3117 825 3175 etiam
843 3116 872 3174 in
890 3117 1079 3192 Cltoephoris
1094 3119 1216 3176 Orestes
1228 3117 1327 3175 Furia-

157 3241 221 3279 rum
246 3232 370 3280 terretur
393 3221 584 3298 imaginibus.
625 3223 685 3280 Sed
708 3223 767 3279 hoc
790 3223 911 3281 interest
935 3223 1011 3282 inter
1029 3223 1171 3298 Aeschyli
1194 3233 1222 3281 et
1247 3224 1329 3281 Euri-

156 3328 235 3405 pidis
270 3329 417 3399 Orestem,
451 3330 532 3404 quod
557 3329 607 3388 ille
630 3328 753 3403 quidem
787 3349 860 3387 sana
889 3331 950 3388 fere
974 3340 1073 3388 mente
1105 3331 1178 3389 deas
1209 3329 1328 3388 ultrices

157 3435 332 3510 conspicere
360 3435 417 3493 sibi
452 3435 577 3506 videtur,
615 3435 663 3492 hic
700 3455 771 3494 vero
806 3435 912 3494 delirio
947 3447 1099 3513 correptus
1135 3437 1327 3497 febriculos0.

157 3547 191 3602 In
232 3541 370 3616 Aeschyli
406 3554 505 3601 autem
542 3541 654 3600 nemini
690 3542 821 3618 suspicio
857 3543 977 3602 exsistet
1011 3545 1088 3602 velle
1126 3554 1247 3620 poetam
1287 3545 1329 3603 ita

157 3649 260 3708 Furias
301 3648 453 3724 intellegi,
492 3659 524 3707 ut
555 3647 629 3706 nihil
668 3648 727 3706 sint
760 3648 816 3706 nisi
855 3651 1036 3725 aegrotantis
1071 3651 1186 3722 Orestis
1220 3653 1329 3710 mentis

158 3774 255 3814 vanae
279 3755 429 3830 quaedam
453 3755 618 3830 imagine53
643 3756 697 3813 sed
730 3756 880 3831 praesagit
905 3756 1018 3816 Orestis
1043 3757 1159 3816 animus
1191 3778 1209 3816 a
1232 3758 1329 3817 Furiis

156 3869 189 3921 se
212 3861 353 3937 agitatum
378 3861 422 3932 iri,
448 3880 522 3936 quas
547 3880 613 3920 esse
636 3881 738 3921 revera
760 3863 864 3922 credit.

263 3985 442 4045 Universam
466 3985 597 4060 denique
621 3986 772 4062 Euripidis
800 3988 1033 4063 descriptionem
1057 3989 1190 4048 indolem
1214 3991 1329 4065 optime

158 4092 329 4167 significant
352 4092 428 4150 haec
452 4093 490 4150 G.
516 4093 683 4150 Hermanni
706 4093 807 4165 verba,
825 4114 904 4169 quae
927 4096 1065 4170 leguntur
1087 4095 1118 4153 in
1141 4097 1328 4170 praefatione

158 4199 197 4258 ad
221 4199 358 4257 Orestem
382 4199 514 4256 fabulam
538 4198 665 4274 scripta:
695 4199 750 4257 ›Ei
781 4201 894 4258 homini
920 4201 958 4277 (h.
993 4221 1018 4261 e.
1051 4197 1167 4284 Oresti)
1191 4203 1328 4262 assidens

157 4323 241 4363 soror
264 4315 479 4379 aegrorumque
502 4305 594 4362 modo
618 4305 691 4381 erigi
725 4307 817 4364 modo
850 4307 986 4365 reclinari
1017 4308 1187 4383 cupientem
1221 4310 1326 4368 sedulo

158 4429 275 4482 curans,
301 4412 504 4487 spectaculum
529 4411 662 4487 praebet,
697 4413 784 4488 quale
808 4412 839 4470 in
870 4414 973 4489 quavis
996 4415 1089 4473 domo
1122 4416 1223 4475 videre
1245 4417 1325 4484 licet,
