2978 5122
457 484 515 544 καὶ
539 475 598 544 νῦν
621 489 656 543 τί
676 470 734 564 χρῆ
761 477 864 565 dodau
889 473 976 555 ὅστις
999 475 1154 562 ἐμφανῶς
1178 483 1271 550 θεοῖς

421 584 424 589 ’
455 585 657 671 ἔχθαίρομαι
682 620 723 628 -
750 621 790 628 *

350 783 530 840 Tecmessae
553 801 633 851 veru,
668 801 706 841 ne
739 782 829 840 vitam
861 781 1025 856 relinquat,
1050 781 1219 839 obsecranti
1252 782 1421 857 respondet

207 956 211 963 ι
243 887 292 962 (ef.
318 907 374 946 vss
403 881 570 965 589-90)

742 1047 778 1113 od
802 1045 952 1111 adaotolt’
978 1043 1038 1128 lyei
1067 1051 1155 1123 θεοῖς

490 1155 534 1231 ὥς
558 1151 655 1220 oridia
678 1155 790 1241 aipxatv
814 1160 874 1238 εἴμ’
900 1155 1064 1238 apertam
1087 1153 1155 1230 irc,

350 1353 489 1428 Denique
513 1353 554 1422 id,
572 1353 602 1410 in
622 1372 682 1428 quo
706 1354 795 1412 totius
819 1354 941 1412 fabulae
965 1355 1051 1428 quasi
1068 1355 1161 1412 cardo
1177 1363 1315 1421 vertatur,
1334 1373 1419 1410 com·

243 1460 401 1535 prehendit
426 1461 557 1518 Calchae
581 1460 754 1518 vaticinium
778 1480 838 1519 vss.
867 1465 928 1535 756
954 1479 1038 1534 seqq.

351 1604 395 1659 Ex
419 1602 454 1659 iis
479 1621 554 1676 quae
578 1603 721 1660 hactenus
746 1602 896 1677 disputata
927 1613 1003 1670 sunt,
1036 1603 1115 1659 clare
1146 1601 1338 1678 cognoscitur
1364 1605 1418 1660 So-

243 1709 403 1783 phocleam
443 1708 577 1766 insaniae
616 1709 823 1766 tractationem
863 1708 1015 1783 pristinam
1055 1709 1093 1766 de
1128 1709 1252 1767 deorum
1292 1709 1420 1766 numine

242 1815 417 1889 opinionem
442 1834 589 1888 nusquam
614 1815 732 1873 turbare
767 1826 856 1890 atque
888 1834 924 1872 eo
958 1825 1092 1890 spectare
1126 1814 1211 1872 huius
1243 1814 1341 1871 morbi
1367 1816 1418 1873 de-

242 1921 445 1996 scriptionem,
475 1932 505 1979 ut
533 1922 640 1979 excitet
664 1922 693 1978 in
725 1931 925 1996 spectatorum
950 1922 1056 1978 animis
1093 1922 1198 1979 iustam
1235 1940 1306 1996 erga
1340 1921 1417 1979 deos

241 2025 384 2100 tanquam
423 2044 536 2101 aequos
576 2046 672 2083 rerum
709 2028 905 2084 humanarum
945 2028 1071 2085 arbitros
1111 2028 1260 2102 pietatem.
1322 2028 1417 2085 Cuius

241 2132 362 2206 quidem
386 2133 503 2208 pietatis
527 2133 591 2208 ipse
608 2133 683 2191 Aiax
708 2152 769 2191 non
794 2134 917 2208 praebet
933 2135 1113 2208 exemplum,
1133 2134 1184 2208 qui
1208 2154 1269 2191 non
1294 2152 1415 2202 curanS,

241 2258 293 2295 cur
317 2250 428 2297 tantam
453 2241 576 2298 deorum
604 2240 660 2298 sibi
685 2241 865 2298 contraxerit
890 2240 972 2314 iram,
999 2241 1100 2297 animo
1136 2240 1228 2314 impio
1262 2250 1290 2297 et
1323 2240 1417 2297 obsti-

240 2355 313 2402 nato
350 2336 551 2405 calamitatem
584 2349 638 2405 sert
670 2347 813 2405 divinitus
847 2347 976 2404 missam.
1024 2348 1089 2404 Nec
1121 2367 1191 2405 vero
1224 2347 1417 2404 convenisset

239 2471 306 2516 curn
332 2452 452 2510 heroica
476 2452 578 2511 Aiacis
603 2472 732 2528 persona
755 2453 814 2510 alia
837 2453 985 2511 sentiendi
1010 2453 1093 2511 ratio

346 2594 494 2669 Sequitur,
528 2606 559 2653 ut
591 2596 792 2664 enucleemus,
827 2596 945 2669 qualem
980 2595 1136 2670 Euripides
1170 2595 1245 2652 inter
1276 2594 1413 2653 divinum

239 2701 394 2758 arbitrium
418 2702 644 2775 naturalemque
666 2721 764 2760 rerum
788 2721 905 2759 cursum
930 2701 1113 2760 constituerit
1138 2701 1293 2759 rationem.

346 2844 450 2917 Longe
474 2853 619 2900 remotum
645 2843 734 2906 luisse
751 2843 924 2918 Euripidem
949 2844 988 2900 ab
1005 2843 1172 2917 Aeschylea
1193 2853 1222 2900 et
1239 2843 1414 2916 Sophoclea

240 2948 365 3006 deorum
391 2949 534 3024 opinione
558 2949 656 3007 notius
681 2961 724 3006 est
748 2968 837 3023 quam
863 2952 945 3023 quod
978 2950 1079 3007 denuo
1112 2948 1255 3023 exemplis
1287 2949 1412 3007 illutrari

237 3055 406 3112 conveniat.
455 3056 572 3113 Tamen
596 3055 729 3113 divinam
754 3055 893 3113 Herculis
917 3056 1023 3113 suroris
1047 3056 1193 3130 originem
1217 3065 1320 3130 utpote
1338 3056 1411 3112 anti·

237 3161 304 3234 quis
330 3161 471 3218 traditam
496 3161 603 3219 fabulis
620 3162 715 3236 iisque
739 3161 769 3217 in
794 3147 926 3219 omnium
952 3162 1135 3220 versantibus
1159 3162 1238 3219 sarna
1258 3173 1287 3219 et
1304 3162 1413 3219 notitia

237 3276 359 3341 aperten
370 3278 413 3325 est
425 3286 485 3323 non
497 3268 630 3342 potuisse
641 3268 670 3324 in
684 3286 776 3325 scena
789 3269 907 3325 tractari
920 3269 958 3325 ab
968 3268 1109 3344 Euripide
1122 3268 1178 3325 nisi
1186 3268 1235 3336 ita,
1247 3278 1278 3324 ut
1292 3288 1310 3325 a
1323 3270 1412 3325 luno-

236 3373 281 3429 nis
301 3373 456 3430 inimicitia
474 3373 719 3448 proticiscereun:
751 3375 852 3446 Atque
869 3392 905 3430 ex
921 3375 978 3430 hac
997 3374 1170 3431 difficultate
1187 3373 1259 3430 mihi
1276 3389 1411 3448 repeten-

237 3479 278 3536 da
304 3479 420 3537 videtur
443 3479 604 3554 explicatio
628 3479 746 3536 consilii
772 3479 936 3554 Euripidei.
983 3481 1091 3537 Divisit
1115 3480 1248 3538 insaniae
1278 3480 1412 3556 descrip-

237 3585 350 3642 tionem
374 3585 404 3642 in
429 3586 504 3643 duas
529 3596 764 3660 parteseasque
789 3586 865 3642 inter
888 3605 919 3643 se
945 3606 1063 3661 prorsus
1088 3587 1229 3655 diversaS,
1255 3586 1305 3656 ita,
1333 3587 1411 3644 utin

236 3675 341 3766 priore·
359 3692 466 3765 mythis
490 3692 650 3748 obsecutus
675 3704 804 3748 veterum
830 3701 959 3749 uteretur
982 3703 1010 3750 et
1034 3692 1188 3766 cogitandi
1212 3703 1241 3749 et
1264 3693 1412 3766 loquendi

236 3797 462 3866 consuetudine,
489 3797 517 3853 in
544 3799 635 3855 altera
659 3808 757 3855 autem
784 3797 871 3854 nobis
902 3799 1019 3855 obserat
1040 3794 1227 3856 'calamitatis
1258 3800 1411 3859 tractatio-

235 3923 303 3961 nem
329 3905 368 3961 ad
393 3904 545 3961 veritatem
572 3916 600 3962 et
624 3905 838 3962 humanitatem
872 3906 1141 3963 accommodatam.
1191 3908 1259 3963 Hac
1291 3907 1411 3965 ratione

236 4011 333 4068 effecit
357 4011 524 4086 Euripides
550 4025 580 4068 ut
604 4021 632 4069 et
656 4012 749 4069 divini
775 4012 898 4068 lunonis
921 4013 1033 4069 arbitrii
1058 4012 1134 4069 iusta
1166 4014 1310 4070 habeatur
1334 4014 1411 4071 ratio

235 4136 333 4191 neque
357 4117 477 4175 divinae
500 4137 646 4191 personae
672 4119 728 4193 ipsi
745 4118 856 4175 actioni
873 4118 1049 4176 inserantur.
1098 4119 1201 4184 Vides,
1220 4131 1333 4193 <planto
1350 4121 1410 4178 dis-

235 4224 343 4282 sentiat
365 4243 383 4281 a
407 4225 567 4298 Sophocle.
617 4226 722 4297 Neque
747 4225 826 4282 enim
852 4243 975 4299 usquam
1001 4226 1058 4282 dea
1082 4224 1169 4281 nobis
1193 4226 1323 4282 occurrit
1339 4244 1410 4285 cum

235 4331 356 4387 homine
373 4331 557 4404 colloquium
575 4350 736 4389 conserens
752 4344 782 4388 ut
800 4331 935 4389 Minerva
953 4331 982 4387 in
999 4332 1103 4400 Aiace,
1118 4332 1171 4389 sed
1188 4345 1327 4406 separata
1340 4348 1410 4392 sunt

235 4437 358 4494 omnino
369 4437 472 4494 divina
484 4449 512 4494 et
523 4438 661 4496 humana.
682 4440 770 4508 »At‹,
786 4437 877 4495 audio
890 4438 1115 4512 obloquentem,
1133 4449 1181 4495 »ut
1195 4439 1281 4497 Iridis
1295 4450 1324 4497 et
1337 4441 1409 4514 Lys-
