2978 5122
578 258 797 318 ..23..

97 439 142 501 ab
188 450 251 500 arte
295 436 460 499 dramatica
497 447 580 498 tanta
617 437 748 498 veritatis
794 435 941 514 imitati03
987 433 1017 494 in
1064 432 1187 512 singulis
1214 452 1273 495 ¹ve·

100 567 139 606 ro
162 548 341 606 narrationis
365 546 506 604 membris
530 565 609 621 nego
633 544 723 603 licere
751 544 840 603 nobis
864 544 1034 612 offendere,
1059 560 1137 618 quas·
1164 541 1273 605 eximia

96 656 238 730 profecto
262 664 324 712 arte
348 652 387 712 ad
412 663 534 711 naturae
559 671 678 709 normas
703 661 793 726 poeta
816 651 1023 710 conformavit.

208 763 322 830 Restat,
348 770 378 817 ut
403 759 511 817 exitum
538 758 639 816 Aiacis
665 758 863 832 Herculisque
887 757 992 815 suroris
1017 777 1232 833 comparemus.

209 887 308 959 Atque
332 883 363 941 in
386 884 480 942 Aiace
505 883 625 941 remittit
648 882 800 959 paullatim
826 881 961 940 insaniae
985 882 1112 958 impetus
1136 882 1271 958 reditque

95 992 208 1050 mentis
232 991 351 1051 sanitas.
398 993 436 1048 cf.
461 1009 504 1048 vs.
531 993 608 1064 306:

260 1110 387 1199 ἴμφρων
410 1109 503 1196 μόλις
527 1137 596 1189 πως
619 1111 679 1188 ξύν
702 1107 805 1199 χρόνῳ
830 1118 1044 1177 καθίσταται.

207 1239 344 1298 Herculis
358 1241 487 1298 furorem
496 1258 618 1297 somnus
633 1238 742 1314 excipit
754 1238 853 1312 gravis
863 1258 899 1295 ac
911 1239 1076 1314 profundus
1089 1237 1269 1313 abrumpens

96 1348 232 1405 medium
253 1348 390 1406 furorem.
431 1347 534 1404 Solere
558 1345 599 1404 ita
615 1345 694 1404 effici
718 1345 875 1402 sanitatem
891 1344 984 1402 tribus
1007 1345 1183 1403 testimoniis
1200 1364 1269 1403 con-

95 1453 287 1511 firmaverim.
337 1453 538 1528 Hippocrates
568 1453 598 1510 in
623 1452 858 1527 aphorismorum
893 1451 969 1509 libro
993 1451 1079 1511 dicit:
1105 1444 1185 1528 ,iiam
1207 1475 1268 1514 πα-

94 1557 302 1644 ραφροσύνην
325 1551 426 1633 ὕπνος
450 1553 551 1651 παύῃ,
576 1556 719 1637 ἀγαθόν.

206 1683 362 1741 Cornelius
386 1685 500 1754 Celsus,
535 1685 572 1740 de
596 1682 753 1740 medecina
782 1682 848 1740 libr.
873 1685 925 1740 III.
951 1702 1018 1758 cap.
1048 1684 1095 1740 18.
1120 1681 1158 1740 de
1191 1681 1267 1739 insa·

94 1789 249 1848 aientibus
273 1790 390 1850 scribit:
429 1791 589 1847 »Omnibus
620 1809 684 1846 uero
707 1791 746 1845 sic
772 1789 878 1862 (effectis
907 1808 1019 1846 somnus
1046 1796 1073 1846 et
1098 1788 1222 1864 difficilis
1243 1797 1269 1844 et

88 1898 241 1970 praecipue
264 1899 432 1952 necessarias
455 1903 511 1965 est,·
533 1897 586 1952 suh
610 1897 662 1952 leuc
681 1897 754 1952 ereren
770 1896 899 1969 plerique
920 1902 1093 1952 sanescunt«

205 2019 261 2076 His
292 2019 477 2077 adiunxerim
501 2019 587 2076 unius
611 2039 627 2076 e
652 2018 819 2076 recentibus
850 2018 957 2076 mentis
981 2007 1152 2075 morborum
1183 2016 1266 2076 i‘nda·

94 2125 249 2201 gatoribus
273 2125 431 2185 iudicium:
457 2128 491 2183 E.
520 2125 681 2200 Kraepelin
706 2125 736 2182 in
767 2125 854 2194 libro,
879 2143 968 2199 quem
993 2124 1151 2200 inscripsit,
1180 2126 1265 2200 »Psy-

95 2231 238 2289 chiatrie«
266 2230 360 2307 (Lips.
392 2226 486 2314 1889)
519 2252 568 2306 pg.
606 2250 666 2308 249
699 2231 795 2290 delirii
831 2231 999 2300 transitorii,
1031 2232 1115 2305 quod
1146 2241 1264 2300 vocant,

95 2337 207 2396 exitum
231 2336 277 2395 his
300 2337 398 2395 verbis
422 2337 580 2397 describit:

205 2463 266 2519 Der
297 2462 459 2519 Abschluss
493 2462 632 2520 vollzieht
665 2461 728 2519 sich
759 2462 815 2519 fast
846 2462 1052 2520 ausnahmslos
1085 2462 1179 2520 durch
1209 2463 1263 2520 das

96 2568 256 2644 plotzliche
280 2568 432 2626 Eintreten
457 2569 539 2626 eines
564 2569 653 2627 tielen
679 2567 739 2625 und
764 2569 833 2642 lang
858 2568 1031 2626 dauernden
1048 2569 1193 2637 Schlases‚
1210 2587 1263 2627 aus

95 2674 165 2732 dem
190 2675 243 2732 der
266 2674 390 2732 Kranke
414 2674 467 2732 mit
490 2675 559 2732 dem
584 2675 694 2733 Geltlhl
719 2674 772 2732 der
794 2673 1097 2749 Abgeschlagenheit‚
1118 2676 1191 2733 aber
1214 2676 1263 2734 bei

95 2780 309 2854 vollstandiger
331 2781 551 2839 Besonnenheit
575 2781 636 2837 und
660 2780 746 2837 meist
769 2781 848 2837 ohne
868 2780 997 2854 jegliche
1013 2780 1200 2857 Erinnerung
1224 2801 1263 2840 au

94 2887 149 2944 das
173 2887 386 2960 Vorgesallene
410 2887 548 2945 erwacht.

202 2994 290 3066 Quae
315 2993 416 3050 omnia
446 3011 535 3067 quam
567 2992 686 3069 egregie
719 2992 899 3050 conveniant
932 3011 998 3050 cum
1024 2992 1162 3052 Herculis
1195 3006 1264 3070 post

93 3100 221 3156 solutam
246 3099 392 3157 insaniam
417 3109 509 3167 statu,
536 3099 660 3174 posthac
684 3098 860 3157 videbimus
907 3100 996 3156 Nunc
1025 3118 1095 3158 vero
1118 3118 1186 3158 curn
1210 3102 1262 3159 So-

93 3206 202 3281 phocle
221 3202 412 3264 'conferamus
437 3205 619 3281 Etuipidem.

200 3329 307 3386 Narrat
330 3330 494 3387 Tecmessa
521 3349 578 3387 vss.
606 3334 665 3405 305
692 3351 787 3404 seqq,
820 3331 974 3404 quomodo
1008 3331 1046 3388 ad
1079 3349 1111 3389 se
1142 3331 1261 3390 redierit
1351 3381 1353 3386 ,

92 3435 178 3492 Aiax.
228 3434 338 3492 Mentis
362 3453 487 3510 compos
520 3436 615 3493 sactus
637 3436 735 3493 statim
768 3436 906 3494 conscius
930 3437 971 3494 rei
995 3447 1080 3496 actae
1104 3438 1259 3497 vehemen-

92 3541 206 3598 tissimo
232 3541 359 3598 afficitur
383 3541 497 3598 dolore.
545 3542 665 3598 Nullam
678 3533 826 3600 'emittens
853 3532 957 3599 vocem
983 3542 1034 3600 diu
1057 3544 1142 3604 sedet
1164 3545 1260 3604 caesis

91 3646 257 3720 pecudibus
288 3646 497 3704 circumdatus.
546 3648 651 3721 Neque
681 3660 779 3705 tamen
813 3649 904 3722 plane
935 3648 1103 3723 perspicere
1133 3650 1258 3722 videtur,

91 3753 265 3826 quaefacta
282 3753 349 3809 sint.
390 3754 498 3811 Verbis
515 3753 594 3810 enim
612 3754 778 3810 minacibus
795 3755 985 3812 Tecmessam
1003 3754 1084 3812 iubet
1099 3775 1258 3831 exponere,

89 3857 120 3914 in
145 3877 275 3932 quanam
300 3870 430 3916 versetur
453 3878 548 3917 rerum
573 3859 762 3917 condicione.
810 3860 942 3917 Edoctus
966 3860 1004 3918 de
1027 3871 1091 3919 toto
1115 3862 1257 3938 facinore,

90 3964 172 4038 quod
196 3964 316 4038 quidem
345 3966 459 4022 noverit
483 3966 588 4022 mulier
605 3959 654 4044 (cf.
680 3985 722 4024 vs.
741 3967 825 4043 316),
843 3985 958 4024 summo
983 3967 1130 4026 cruciatus
1154 3969 1259 4030 dolore

10 4114 12 4118 .
88 4071 220 4129 lamenta
244 4071 313 4128 edit.
341 4105 384 4112 —

197 4179 282 4235 Haec
306 4179 358 4251 qui
382 4177 495 4251 legerit,
520 4160 692 4236 consentiet¹
716 4189 804 4246 certe,
830 4179 960 4253 aliquam
990 4179 1110 4239 dedisse
1134 4200 1257 4255 operam

88 4283 281 4356 Sophoclem,
315 4295 344 4339 ut
367 4285 469 4357 paullo
501 4284 667 4341 accuratius
696 4284 870 4342 insanientis
896 4285 995 4343 Aiacis
1029 4285 1068 4344 ad
1100 4287 1257 4346 sanitatem

87 4388 244 4446 transitum
262 4388 453 4447 describeret.
495 4391 592 4463 Quem
616 4400 714 4448 tamen
732 4391 821 4466 longe
845 4391 963 4461 afuisse,
982 4403 1011 4450 ut
1028 4410 1127 4451 veram
1144 4405 1258 4486 curaret

1174 4656 1408 4816 Α
