2978 5122
625 112 847 167 ,30-

151 287 259 362 quibus
282 287 362 344 hunc
385 287 485 344 locum
509 295 659 344 tentavere
683 285 737 342 viri
760 287 852 345 docti.
901 288 1040 346 Genuina
1063 289 1206 364 Aeschyli
1229 290 1355 348 verb-’-

151 393 321 451 felicissime
344 393 416 450 mihi
441 392 577 450 videntur
598 393 753 451 refluxisse
776 394 932 468 Emperius
956 404 985 452 et
1009 394 1165 463 Martinus
1188 396 1228 453 ita
1251 413 1307 452 con
1340 406 1362 444 1

150 499 303 556 stituentes
327 516 458 562 versum:

364 603 434 666 αλλ’
460 603 503 678 ὥς
526 599 570 667 δι’
592 603 703 687 εἰδῆτ’,
727 595 764 669 οδ
787 600 850 687 γαρ
875 604 932 668 οἶδ’
958 601 1023 700 ὅπῃ
1049 607 1144 670 τελεῖ.

260 729 348 802 Quae
372 728 543 785 coniectura
567 738 596 785 et
620 729 734 786 codicis
758 730 849 787 verba
874 731 981 805 exiguo
1005 742 1120 789 tantum
1148 731 1362 790 discriminet

152 836 240 893 refert
264 846 293 893 et
316 835 508 892 confirmatur
531 834 603 890 mihi
627 835 686 892 loci
704 837 860 895 sententia.
909 837 1029 895 Orestes
1045 838 1143 912 igitur,
1160 848 1321 913 postquam
1344 851 1362 888 1

152 941 289 998 uberiore
313 940 446 998 oratione
471 939 572 997 matris
596 951 722 998 necatae
747 943 839 998 choro
864 943 1008 1000 rationem
1026 944 1166 1013 reddidit,
1184 963 1246 1018 quo
1265 963 1321 1000 ma-

151 1047 197 1122 gis
221 1048 259 1105 ad
291 1047 405 1104 facinus
430 1045 520 1104 etiam
552 1057 642 1120 atque
669 1047 758 1105 etiam
792 1048 923 1105 animum
952 1049 1095 1119 advertit,
1128 1068 1165 1107 eo
1199 1050 1322 1124 propius

152 1153 287 1227 quamvis
315 1151 430 1210 levibus
458 1152 589 1227 vestigiis
618 1154 762 1211 accedere
796 1154 942 1212 insaniam
972 1154 1035 1229 ipse
1067 1155 1172 1230 incipit
1202 1157 1321 1214 sentire.

152 1261 276 1332 iamque
293 1258 410 1327 verituS,
427 1276 465 1315 ne
489 1257 646 1332 repentino
662 1258 724 1316 eius
749 1254 862 1334 impetu
886 1260 1080 1334 opprimatur,
1099 1263 1232 1336 exponit,
1251 1264 1321 1320 dum

153 1384 242 1423 sanus
267 1374 320 1436 est,
346 1365 438 1446 choro
462 1364 569 1421 mentis
593 1383 664 1422 suae
689 1376 806 1441 statum,
825 1366 910 1440 quasi
935 1367 1078 1440 refugium
1102 1369 1149 1424 vel
1173 1370 1322 1426 levamen·

152 1484 214 1529 tum
239 1471 391 1546 quoddam
417 1488 563 1544 quaerens
588 1471 616 1526 in
642 1471 847 1530 describendis
872 1472 953 1529 miris
977 1473 1067 1531 animi
1093 1475 1233 1532 motibus
1266 1478 1322 1549 Ap-

152 1578 264 1635 tissime
287 1576 375 1652 igitur
398 1577 569 1651 loquentem
594 1595 661 1634 eum
686 1579 756 1636 facit
779 1590 885 1653 poeta:
949 1648 950 1652 ρ

367 1672 438 1745 αλλ’
462 1681 505 1757 ως
529 1676 572 1746 δν
595 1681 705 1765 εἰδῆτ’,
731 1683 767 1747 οδ
790 1681 854 1770 γαρ
878 1680 939 1747 οἷδ’
966 1679 1032 1779 δπρ
1058 1687 1149 1750 τελεῖ.

261 1791 362 1863 Quare
387 1789 586 1864 acquieverim
611 1789 751 1863 equidem
776 1792 831 1848 hac
855 1810 956 1850 versus
982 1794 1076 1850 forma
1105 1793 1258 1869 plerisque
1281 1813 1323 1852 re·

153 1897 334 1955 centioribus
358 1896 477 1967 criticis
502 1914 621 1954 necnon
645 1896 702 1971 ipsi
726 1898 902 1955 Hermanno
927 1900 1063 1974 probata.

260 2003 390 2060 Maiores
423 1990 631 2072 difficultates⁴
654 2002 705 2077 qui
739 2015 890 2078 sequntur,
922 2023 1032 2075 versus
1058 2007 1213 2080 praebent.
1258 2009 1324 2064 Per·

152 2110 195 2185 git
219 2110 357 2168 Orestes:

153 2236 196 2277 vs.
220 2237 322 2292 1019:
370 2208 478 2300 ὥσπερ
502 2212 560 2288 §riv
583 2217 697 2286 ἵπποις
720 2205 930 2301 ἧνιοστρόωοο
953 2212 1073 2300 δρόμου

275 2350 277 2353 ·
365 2320 508 2406 ἐξωτέρω
533 2338 539 2349 ·
565 2329 693 2406 φέρουσι
716 2317 780 2407 γοέρ
804 2320 982 2404 νικώμενον

366 2435 479 2513 φρένες
503 2423 675 2510 δύσαρκτοι
701 2445 706 2456 ·
733 2425 813 2509 πρδς
838 2426 875 2491 δὲ
898 2428 1018 2518 καρδίᾳ
1043 2425 1144 2512 φόβος

365 2531 461 2623 ᾄδειν
484 2537 609 2616 ἕτοιμος
633 2529 682 2616 ἠδ’
708 2533 930 2620 ὑπορχεῖσθαι
954 2535 1046 2623 κότῳ.

260 2645 294 2700 111
329 2660 415 2700 versu
452 2661 533 2716 1019
565 2639 632 2697 libri
661 2641 803 2699 exhibent
833 2637 1052 2728 ἦνιοστρόρου,
1085 2644 1168 2718 quod
1199 2644 1324 2701 mutavit

153 2749 325 2808 Schuetzius
347 2748 445 2823 'prima
469 2747 499 2805 in
524 2746 655 2804 editione
671 2747 702 2804 in
719 2734 931 2833 ἦνιοστρόφοο
940 2775 949 2823 ,·
974 2761 1136 2824 praecunte
1152 2768 1222 2807 vero
1240 2751 1324 2807 Stau-

152 2857 221 2927 leio,
246 2856 392 2931 probante
417 2853 618 2923 Blomfieldi0,
643 2853 672 2910 in
697 2855 830 2912 secunda
854 2856 953 2930 posuit
977 2849 1185 2942 ἧνιοστροφῶ,
1224 2859 1325 2932 Appa-

116 2940 119 2946 Ι
152 2973 206 3034 ret,
231 2980 352 3019 omnem
375 2960 461 3018 huius
485 2978 586 3018 versus
610 2961 792 3034 explanandi
823 2961 968 3019 rationem
993 2962 1064 3020 inde
1096 2962 1247 3037 proficisci
1275 2962 1326 3020 de-

154 3069 234 3138 bere,
260 3079 356 3127 utrum
381 3067 523 3124 secudum
549 3067 717 3123 Robortelli
742 3067 905 3125 editionem
922 3078 1072 3127 commate
1095 3079 1162 3143 post
1178 3066 1326 3154 ἐξωτέρω

153 3169 210 3255 (vs,
240 3176 336 3252 1020)
359 3175 478 3231 sublato
502 3173 532 3230 in
556 3191 647 3229 unum
672 3173 842 3248 redigamus
869 3174 1059 3232 enunciatum
1090 3175 1180 3232 verba
1213 3169 1328 3259 οἵσπερ

112 3270 115 3275 ’
154 3291 210 3340 etc.
236 3280 393 3356 usquead
417 3281 507 3338 verba
530 3287 641 3365 φρένες
665 3274 848 3366 δύσαρκτοι,
863 3300 901 3339 an
925 3300 992 3338 cum
1009 3281 1142 3356 pluribus
1159 3280 1328 3339 editoribus

154 3407 262 3446 novam
288 3382 465 3462 incipiamus
489 3387 668 3445 sententiam
692 3405 710 3444 a
734 3388 883 3444 vocabulo
907 3394 1064 3468 φέρουσιν.
1113 3386 1164 3463 (vs.
1195 3382 1303 3470 1020).

261 3497 361 3568 Atque
385 3493 458 3550 haec
488 3492 610 3566 quidem
644 3511 779 3551 versuum
818 3511 909 3567 1019.
950 3512 999 3553 20.
1034 3493 1194 3551 disiunctio
1224 3511 1330 3568 neque

154 3601 257 3678 paucis
280 3618 379 3674 neque
395 3599 510 3657 levibus
534 3599 773 3657 dubitationibus
797 3599 929 3657 obnoxia
949 3600 1021 3657 mihi
1045 3600 1169 3670 videtur,
1188 3602 1329 3674 quamvis

155 3709 281 3783 probata
304 3708 482 3777 Wellauem,
508 3705 678 3775 Dindorfi0,
705 3706 904 3779 KirchhoffiO,
929 3706 1117 3764 Weckleinio
1141 3706 1217 3765 aliis,
1265 3709 1328 3766 Pri·

154 3833 234 3871 mum
259 3813 339 3872 enirn
363 3823 455 3887 patet,
479 3812 562 3869 nullo
586 3821 675 3886 pacto
698 3813 790 3870 verba
813 3807 921 3893 ὥσπερ
946 3810 1004 3885 §riv
1026 3814 1142 3887 ἵπποις
1171 3823 1227 3871 etc.
1252 3833 1328 3888 pen·

154 3920 226 3978 dere
248 3937 337 3994 posse
361 3919 399 3976 ab
424 3919 468 3987 iis,
494 3935 572 3992 quae
596 3919 787 3987 antecedant,
811 3917 859 3975 cui
880 3917 1086 3975 coniunctioni
1118 3919 1198 3993 leges
1228 3938 1343 3994 gram*

155 4027 283 4084 maticae
307 4026 451 4082 officiunt.
499 4024 677 4082 Necessario
701 4025 789 4098 igitur
812 4026 851 4084 ad
875 4025 1061 4083 coniecturas
1085 4026 1246 4100 confugere
1272 4029 1329 4085 viri

155 4133 247 4202 docti,
271 4142 301 4189 ut
325 4132 416 4188 verba
440 4149 538 4188 versus
567 4149 648 4206 1019
675 4151 729 4207 per
752 4151 783 4190 se
806 4143 884 4190 stare
908 4142 1040 4207 possent.

262 4241 336 4300 Tres
349 4239 493 4319 imprimis
505 4240 632 4301 notandi
644 4250 712 4300 sunt
727 4241 887 4301 mutandae
903 4241 1018 4302 codicis
1033 4240 1172 4303 lectionis
1184 4250 1328 4305 conatus:
