2978 5122
231 482 300 527 man
334 461 397 526 sich
421 465 494 526 Her.
520 463 573 524 mit
605 463 659 526 der
681 464 752 526 Lurt
784 463 1027 541 faustlrampfend
1056 463 1216 525 vorstellt.‹
1268 463 1410 524 Offendit

231 593 321 650 porro
342 593 422 646 eum,
448 575 530 648 quod
554 593 612 633 nec
643 574 723 633 unde
747 574 893 632 Hercules
917 574 977 631 tela
1000 573 1110 631 habeat
1140 584 1170 632 et
1197 574 1408 643 instrumenta,

231 663 412 756 intelligatur
443 679 523 749 satis,
556 699 621 750 nec,
656 679 707 755 qui
740 679 869 756 potuerit
902 679 974 749 fieri,
1009 690 1039 736 ut
1063 680 1241 755 Amphitryo
1272 690 1302 738 et
1330 679 1410 738 servi

189 789 193 796 '
231 787 305 844 nihil
329 797 520 845 succurentes
544 785 707 846 calamitati
731 798 825 844 totam
842 785 976 844 insaniae
999 786 1203 844 accessionem
1227 787 1334 862 peragi
1359 797 1410 862 'pa-

231 904 372 952 terentur
419 894 524 967 Itaque
548 893 606 949 boc
629 893 685 950 fert
709 891 850 950 iudicium
874 892 913 950 de
930 892 1091 967 Euripide:
1124 912 1173 951 »er
1195 895 1247 951 hat
1270 893 1322 952 die
1347 884 1412 969 Up-

232 999 347 1079 pigkeit
369 999 466 1058 seiner
489 999 649 1057 Phantasie
683 998 753 1057 wild
778 998 915 1056 wacbsen
949 1000 1076 1058 lassent
1106 1032 1147 1040 <-
1172 1002 1412 1058 Percenseamus

232 1107 359 1182 singula,
392 1124 470 1181 quae
500 1103 617 1162 crimini
649 1115 757 1180 poetae
788 1104 873 1162 vertit
898 1104 1101 1166 Wilamowitz.
1148 1109 1248 1181 Atque
1278 1107 1413 1182 primum

233 1214 322 1272 risum
347 1231 467 1270 movere
490 1210 563 1271 dicit
586 1229 654 1270 cum
679 1212 753 1269 duas
776 1210 888 1298 itineris
911 1212 1055 1270 stationes
1078 1222 1140 1270 tum
1163 1223 1314 1272 certamen
1334 1215 1413 1271 Her-

233 1319 317 1390 culis,
354 1336 414 1394 quo
438 1336 506 1376 cum
540 1336 608 1376 aere
638 1328 822 1394 pugnantem
847 1335 913 1375 eum
948 1318 1039 1376 faciat
1068 1319 1235 1394 Euripides.
1283 1323 1414 1378 Prorsus

234 1425 392 1485 consentio
409 1444 476 1483 curn
493 1424 738 1501 Wilarnowitzio3
762 1434 852 1498 atque
868 1425 926 1482 hoc
943 1426 1105 1496 contend0,
1123 1425 1301 1501 vituperanti
1319 1426 1350 1485 ei
1374 1445 1414 1485 ne

232 1533 332 1609 ipsum
365 1530 488 1606 quidem
514 1529 688 1605 Euripidem
721 1531 930 1588 oblocuturum
965 1530 1074 1607 fuisse3
1098 1551 1166 1589 nam
1198 1532 1286 1590 etiarn
1317 1533 1415 1590 servis

234 1638 378 1697 ridiculus
392 1637 508 1695 videtur
521 1637 676 1694 Hercules.
704 1629 754 1717 (cf.
772 1656 814 1695 vs.
831 1632 928 1718 940.),
942 1637 1173 1712 ambigentibus
1186 1649 1282 1696 utrum
1296 1638 1417 1697 iocetur

235 1744 376 1803 dominus
401 1762 439 1802 an
464 1742 601 1803 insaniat.
650 1744 703 1800 Est
726 1753 824 1800 autem
850 1742 1038 1800 notissimum
1061 1744 1237 1818 plerumque
1261 1744 1415 1802 insaniam

237 1850 302 1909 aliis
327 1869 391 1910 esse
415 1848 579 1908 ridiculam.
621 1849 723 1906 Dabat
747 1848 834 1925 igitur
858 1850 917 1906 hoc
940 1849 1065 1918 veritati,
1084 1849 1208 1908 nimium
1233 1853 1362 1932 fortasse
1387 1860 1417 1909 et

235 1958 318 2034 quod
343 1956 509 2032 Sophocles
533 1965 613 2013 certe
637 1954 693 2012 sibi
718 1965 867 2030 negasset.
892 1988 934 1997 —

343 2080 463 2138 Deinde
494 2078 615 2136 miratur
648 2078 853 2147 Wilomowitz,
879 2080 960 2137 unde
983 2080 1042 2137 tela
1073 2090 1103 2137 et
1127 2080 1323 2140 instrumenta
1356 2083 1417 2152 sibi

237 2198 334 2247 sumat
358 2186 514 2244 Hercules,
563 2185 642 2243 Sane
667 2183 789 2259 quidem
813 2185 896 2242 nullo
927 2186 996 2243 loco
1021 2197 1119 2244 narrat
1143 2187 1273 2259 nuntius,
1298 2173 1415 2259 arcum,

236 2304 361 2363 vectem,
396 2292 528 2367 ligonem
562 2291 685 2349 Herculi
716 2310 780 2349 esse
814 2292 893 2350 data.
942 2292 997 2350 Cui
1028 2302 1128 2350 tamen
1162 2293 1301 2353 licentiae
1324 2296 1418 2354 facile

206 2445 209 2450 ι
237 2399 377 2476 equidem
403 2397 588 2456 indulserim.
637 2397 753 2471 Nempe
777 2407 909 2471 apparet,
928 2398 976 2455 vix
999 2398 1131 2473 potuisse
1155 2399 1228 2468 fieri,
1251 2409 1282 2457 ut
1306 2400 1337 2457 in
1363 2400 1418 2458 tali

236 2505 344 2565 mentis
361 2504 555 2579 corporisque
579 2513 655 2562 statu
673 2501 822 2577 acciperet
839 2494 1034 2562 instrumenta
1051 2505 1216 2580 Hercules;
1243 2507 1325 2580 quod
1344 2518 1417 2565 ante

238 2611 338 2671 omnia
362 2610 483 2668 vetabat
507 2608 662 2667 celerrima
693 2608 874 2684 singularum
900 2611 1062 2685 imaginum
1096 2611 1300 2670 commutatio.
1349 2615 1418 2672 Nec

237 2737 307 2777 vero
330 2717 463 2775 habebat
487 2714 655 2791 Euripides,
681 2733 734 2772 cur
756 2717 801 2774 vel
827 2717 960 2790 aliquam
983 2716 1170 2792 impenderet
1194 2737 1317 2792 operam
1344 2720 1417 2776 huic

238 2823 397 2883 'offensioni
414 2822 581 2882 tollendae:
607 2824 719 2897 quippe
744 2823 794 2897 qui
813 2824 853 2881 ad
877 2824 980 2898 populi
997 2823 1027 2880 in
1046 2825 1167 2881 theatro
1183 2825 1316 2883 sedentis
1333 2845 1418 2884 corn-

238 2929 448 3006 probationem
466 2930 545 2987 banc
562 2927 685 2985 furentis
701 2928 841 2985 Herculis
857 2928 1090 3003 descriptionem
1107 2929 1281 2988 institueret.
1319 2933 1418 3007 Atqui

239 3045 422 3113 spectatores
447 3034 616 3092 consenties
641 3052 702 3091 uon
719 3033 872 3092 sollicitari
896 3034 1043 3093 eiusmodi
1061 3034 1299 3094 dubitationibus
1323 3039 1419 3096 talem

238 3141 393 3202 audientes
417 3139 630 3200 narrationem.

347 3249 440 3322 Quod
463 3247 595 3322 denique
619 3247 658 3303 ad
682 3266 783 3305 servos
806 3248 1026 3322 familiaresque
1050 3249 1164 3319 attinet,
1190 3268 1265 3323 quos
1289 3251 1421 3309 omnino

241 3374 345 3431 passos
369 3374 435 3412 esse
468 3353 614 3410 insaniam
640 3352 779 3410 Herculis
813 3354 935 3411 miratur
957 3355 1162 3425 Wilamowitz,
1188 3357 1329 3430 equidem
1353 3377 1422 3416 non

241 3462 339 3530 vide0,
359 3461 502 3535 quidnam
525 3459 566 3517 illi
591 3459 789 3534 peccaverint.
833 3462 957 3528 Vereor,
975 3479 1013 3518 ue
1037 3481 1140 3536 parum
1158 3462 1201 3519 vir
1224 3462 1422 3523 doctissimus

242 3588 329 3627 verae
346 3567 452 3626 suroris
469 3569 583 3625 formae
600 3566 737 3625 habuerit
752 3567 908 3625 rationem.
956 3569 994 3624 Et
1009 3567 1191 3638 restitissent,
1210 3578 1291 3643 puto,
1317 3588 1423 3644 neque

241 3693 315 3733 sano
346 3692 445 3749 neque
476 3683 599 3749 aegroto
623 3674 695 3731 hero
729 3673 814 3732 servi.
863 3675 970 3731 Servos
994 3674 1059 3748 quis
1093 3676 1167 3733 ferat
1192 3675 1317 3733 Herculi
1350 3678 1423 3736 resi·

241 3779 373 3839 stentes?
399 3781 468 3854 Qui,
495 3781 518 3838 si
544 3781 581 3839 de
606 3779 778 3838 calamitate
801 3780 998 3849 dubitassent,
1023 3800 1084 3854 quo
1108 3781 1158 3840 ille
1181 3782 1304 3840 domum
1330 3785 1424 3842 affec·
1451 3809 1455 3814 ²

242 3896 323 3944 turus
346 3896 418 3955 erat,
444 3887 567 3944 fortasse
591 3886 702 3943 liberos
726 3905 844 3945 servare
868 3887 969 3944 conati
994 3897 1100 3947 essent.
1141 3889 1202 3945 Sed
1218 3907 1256 3946 ne
1280 3888 1425 3951 sciebant

243 3993 365 4068 quidem
397 3991 492 4062 initio,
518 4011 588 4049 num
612 4011 681 4051 vere
706 3993 814 4051 fureret
845 3993 1003 4067 dominus;
1029 4005 1187 4068 sequentes
1217 4013 1287 4052 vero
1318 4007 1425 4070 partes

243 4098 367 4158 celerius
391 4098 619 4173 peragebantur,
646 4118 735 4173 quam
761 4110 791 4156 ut
816 4100 946 4157 succurri
970 4110 1071 4175 posset
1095 4099 1266 4159 calamitati.

350 4205 451 4278 Quare
487 4204 517 4261 in
553 4204 676 4280 singulis
707 4205 744 4263 de
769 4204 939 4280 scriptionis
974 4206 1108 4280 partibus
1141 4205 1346 4280 vituperandis
1378 4209 1425 4267 ni-

243 4312 299 4371 mis
339 4312 463 4371 acerbus
503 4312 575 4369 mihi
614 4313 729 4371 videtur
769 4312 961 4371 existimator.
1021 4315 1129 4371 Fateor
1167 4311 1256 4370 totius
1295 4316 1425 4372 narrati·

244 4418 311 4477 onis
353 4418 509 4476 consilium
549 4437 637 4494 posse
661 4418 820 4493 displicere
861 4419 913 4489 eis,
953 4418 1062 4495 quibus
1101 4419 1262 4477 abhorrere
1301 4419 1427 4482 videtur
