2978 5122
232 445 302 490 man
335 425 399 488 sich
423 428 496 488 Her.
522 425 576 487 mit
607 425 661 488 der
683 426 754 488 Luft
786 424 1029 502 saustkumpfend
1058 425 1218 485 vorstellt.‹
1270 423 1410 485 Offendit

233 555 323 613 porro
344 555 423 609 eum,
450 537 532 611 quod
556 555 614 595 nec
645 536 725 594 unde
749 537 896 594 Hercules
919 534 979 592 tela
1002 535 1111 592 habeat
1142 543 1171 593 et
1199 535 1409 604 instrumenta,

232 626 414 719 intelligatur
445 642 525 711 satiS,
558 662 624 713 nec,
658 641 709 716 qui
742 640 871 716 potuerit
905 640 976 710 lieri,
1011 652 1041 698 ut
1065 640 1244 716 Amphitryo
1273 651 1305 699 et
1333 640 1410 699 servi

191 752 195 759 ’
233 750 307 808 nihil
331 760 523 807 succurentes
547 747 709 807 calamitati
733 758 827 808 totam
845 746 979 805 insaniae
1002 747 1205 805 accessionem
1230 747 1336 823 peragi
1360 758 1411 822 pa·

234 867 374 915 terentur.
420 858 526 930 Itaque
550 856 608 912 hoc
631 856 687 913 fert
710 853 852 912 iudicium
876 854 916 912 de
932 853 1094 929 Euripide:
1126 873 1175 912 »er
1198 855 1249 912 hat
1272 854 1326 913 die
1349 845 1413 930 Up-

234 961 348 1042 pigkeit
371 960 469 1022 seiner
492 961 651 1020 Phantasie
686 960 755 1019 wild
781 961 918 1018 wachsen
952 961 1078 1020 lassent
1115 992 1149 1002 -
1174 963 1413 1019 Percenseamus

234 1069 361 1146 singula,
394 1087 472 1143 quae
503 1067 619 1124 crimini
651 1076 760 1142 poetae
790 1066 875 1124 vertit
900 1065 1103 1127 Wilamowitz.
1150 1068 1251 1142 Atque
1280 1067 1414 1142 primum

235 1176 325 1235 risum
349 1193 469 1235 movere
492 1173 565 1232 dicit
589 1192 657 1232 curn
681 1174 755 1232 duas
778 1172 890 1260 itineris
914 1173 1057 1231 stationes
1081 1183 1143 1231 tum
1166 1184 1318 1232 certamen
1337 1176 1414 1232 Her·

235 1282 319 1352 culiS,
356 1299 417 1357 quo
441 1299 508 1339 cum
542 1299 610 1339 aere
640 1290 825 1357 pugnantem
849 1297 915 1337 eum
951 1279 1041 1337 iaciat
1071 1279 1238 1355 Euripides.
1287 1283 1415 1339 Prorsus

236 1389 394 1448 consentio
411 1407 478 1446 cum
496 1387 741 1462 Wilamowitzio3
764 1396 854 1460 atque
871 1387 928 1444 boc
946 1387 1108 1456 contend0,
1126 1386 1305 1461 vituperanti
1323 1387 1353 1446 ei
1376 1405 1415 1445 ne

234 1496 335 1572 -ipsum
368 1493 490 1569 quidem
516 1492 690 1568 Euripidem
724 1493 932 1550 oblocuturum
967 1492 1076 1567 fuisse3
1100 1512 1170 1550 narn
1200 1492 1289 1551 etiam
1321 1493 1417 1551 servis

237 1601 380 1660 ridiculus
395 1600 511 1659 videtur
523 1600 679 1658 Hercules,
707 1592 756 1679 (cs.
775 1618 816 1657 vs.
834 1593 931 1680 940.),
945 1598 1176 1674 ambigentibus,
1189 1609 1285 1656 utrum
1298 1599 1418 1657 iocetur

238 1707 379 1766 dominus
403 1726 442 1764 an
466 1705 604 1766 insaniat.
653 1707 705 1762 Est
729 1716 827 1762 autem
853 1703 1039 1762 notissimum
1064 1706 1240 1780 plerumque
1263 1704 1417 1763 insaniam

239 1813 305 1872 aliis
329 1833 394 1873 esse
418 1811 582 1872 ridiculam.
624 1812 726 1869 Dabat
749 1810 837 1886 igitur
860 1811 919 1867 hoc
943 1810 1068 1881 veritati,
1087 1810 1211 1868 nimium
1235 1813 1365 1893 fortasse
1388 1821 1419 1870 et

238 1919 321 1998 quod
345 1919 512 1994 Sophocles
536 1928 615 1976 certe
639 1916 696 1974 sibi
720 1927 869 1992 negasset.
895 1949 937 1959 —

345 2042 465 2101 Deinde
496 2040 619 2099 miratur
651 2040 855 2109 Wilomowitz,
882 2040 962 2098 unde
985 2042 1045 2098 tela
1076 2051 1105 2098 et
1130 2041 1327 2100 instrumenta
1359 2043 1420 2113 sibi

239 2160 337 2209 sumat
361 2149 517 2207 Hercules¹
566 2148 645 2204 Sane
670 2145 792 2221 quidem
817 2147 899 2203 nullo
930 2148 999 2204 loco
1023 2158 1122 2205 narrat
1146 2148 1276 2219 nuntius,
1301 2134 1418 2218 arcum,

239 2268 364 2325 vectem,
400 2255 531 2329 ligonem
566 2253 689 2310 Herculi
719 2272 783 2310 esse
816 2253 896 2312 data.
945 2253 1000 2310 Cui
1031 2264 1131 2312 tamen
1164 2254 1304 2313 licentiae
1328 2257 1420 2315 facile

209 2409 212 2412 .
240 2361 380 2438 equidem
406 2359 591 2419 indulserim.
640 2359 757 2432 Nempe
780 2369 913 2433 apparet,
931 2359 979 2416 vix
1003 2360 1134 2434 potuisse
1158 2359 1231 2429 fieri,
1254 2370 1285 2417 ut
1308 2360 1341 2418 in
1366 2361 1420 2419 tali

240 2468 347 2528 mentis
364 2466 558 2542 corporisque
582 2475 658 2523 statu
676 2463 825 2539 acciperet
842 2455 1037 2523 instrumenta
1054 2467 1220 2541 Hercules;
1246 2467 1328 2541 quod
1348 2478 1420 2526 ante

241 2575 341 2635 omnia
365 2573 487 2632 vetabat
510 2571 665 2630 celerrima
697 2571 878 2645 singularum
904 2572 1065 2646 imaginum
1099 2572 1303 2631 commutatio
1353 2575 1421 2633 Nec

240 2701 310 2740 vero
334 2681 466 2738 habebat
490 2676 658 2753 Euripides,
684 2696 736 2734 cur
759 2678 805 2735 vel
830 2678 963 2752 aliquam
987 2677 1173 2752 impenderet
1196 2697 1320 2754 operam
1348 2680 1420 2737 huic

241 2787 400 2847 offensioni
418 2785 584 2845 tollendae:
610 2786 723 2859 quippe
747 2785 797 2858 qui
817 2785 856 2843 ad
880 2785 983 2860 populi
1001 2784 1031 2841 in
1054 2785 1170 2842 theatro
1187 2785 1319 2842 sedentis
1336 2805 1421 2844 com·

241 2893 452 2969 probationem
469 2893 548 2950 hanc
565 2889 688 2948 furentis
705 2890 844 2947 Herculis
860 2890 1093 2964 descriptionem
1110 2889 1285 2948 institueret.
1323 2892 1421 2967 Atqui

243 3008 425 3076 spectatores
450 2996 620 3056 consenties
645 3015 706 3053 non
723 2994 875 3053 sollicitari
899 2995 1046 3054 eiusmodi
1064 2995 1303 3055 dubitationibus
1327 3000 1422 3057 talem

242 3105 397 3166 audientes
421 3102 634 3163 narrationem.

351 3212 443 3286 Quod
467 3210 598 3284 denique
622 3209 661 3266 ad
686 3228 787 3266 servos
809 3209 1029 3284 familiaresque
1054 3211 1167 3280 attinet,
1193 3229 1269 3284 quos
1293 3211 1424 3270 omnino

244 3338 349 3396 passos
373 3337 438 3376 esse
471 3316 617 3374 insaniam
643 3314 783 3372 Herculis
816 3315 938 3373 miratur
961 3317 1166 3386 Wilamowitz,
1191 3317 1333 3391 equidem
1358 3337 1425 3377 non

244 3426 342 3495 video,
362 3425 506 3499 quidnam
528 3422 570 3480 illi
595 3421 793 3497 peccaverint.
836 3424 961 3490 Vereor,
979 3441 1017 3480 ne
1041 3442 1144 3498 parum
1162 3423 1205 3479 vir
1228 3423 1426 3484 doctissimus

245 3552 333 3591 verae
350 3531 455 3590 furoris
473 3532 586 3589 formae
604 3527 740 3587 babuerit
756 3529 912 3587 rationem.
960 3530 998 3586 Et
1013 3528 1195 3598 restitissent,
1214 3540 1295 3605 putu,
1321 3549 1426 3605 neque

244 3658 318 3697 sano
350 3656 448 3712 neque
479 3646 602 3712 aegroto
626 3637 698 3694 hero
733 3636 818 3695 servi.
867 3637 974 3694 Servos
998 3635 1063 3710 quis
1096 3637 1171 3694 serat
1196 3636 1320 3694 Herculi
1354 3638 1426 3697 resi·

244 3743 377 3803 stentes?
402 3744 472 3816 Qui,
498 3744 522 3802 si
547 3744 585 3802 de
609 3742 781 3801 calamitate
805 3742 1002 3811 dubitassent,
1027 3762 1088 3816 quo
1112 3743 1162 3801 ille
1185 3744 1307 3801 domum
1333 3746 1427 3803 affec·
1454 3770 1458 3775 ·

246 3860 326 3908 turus
350 3859 421 3918 erat,
448 3851 571 3908 sortasse
596 3849 705 3907 liberos
730 3868 848 3908 servare
872 3849 974 3907 conati
998 3858 1104 3909 essent.
1145 3849 1205 3907 Sed
1222 3869 1260 3908 ne
1283 3850 1428 3911 sciebant

246 3957 368 4032 quidem
401 3955 496 4026 initia,
522 3974 592 4013 num
616 3974 685 4014 vere
710 3957 818 4014 fureret
849 3955 1007 4028 dominus;
1033 3967 1191 4029 sequentes
1220 3974 1291 4013 vero
1322 3968 1428 4031 partes

247 4061 371 4121 celerius
395 4062 623 4136 peragebantur,
649 4080 740 4135 quam
764 4074 794 4119 ut
820 4060 950 4119 succurri
974 4073 1075 4136 posset
1099 4061 1270 4120 calamitati.

354 4167 455 4241 Quare
491 4166 520 4223 in
557 4166 680 4242 singulis
710 4168 748 4225 de
773 4167 943 4242 scriptionis
978 4167 1112 4242 partibus
1145 4167 1350 4242 vituperandis
1381 4171 1427 4227 ni·

247 4275 303 4333 mis
343 4274 468 4332 acerbus
506 4273 579 4331 mihi
618 4275 733 4332 videtur
773 4274 965 4333 existimator.
1026 4275 1133 4331 Fateor
1171 4273 1260 4330 totius
1299 4277 1428 4334 narrati·

248 4380 315 4439 onis
357 4380 513 4438 consilium
553 4398 641 4456 posse
665 4381 824 4456 displicere
865 4381 917 4449 eis,
957 4379 1067 4456 quibus
1106 4379 1266 4438 abhorrere
1306 4380 1429 4442 videtur

639 4672 836 4768 A
