2978 5122
655 295 853 356 „,...

164 477 194 536 in
217 477 346 537 Hecuba
370 475 512 546 dramate,
531 476 582 535 ubi
599 476 835 552 Polymestorem
852 473 923 533 facit
947 486 1125 546 narrantem,
1146 476 1328 551 quemadmo

165 587 235 643 dum
268 585 414 643 Hecubae
444 585 516 643 dolo
547 584 642 642 oculis
676 583 713 642 sit
744 582 882 658 privatus.
931 585 978 640 An
1011 594 1107 660 putas,
1139 584 1270 659 potuisse
1303 603 1340 669 ea

165 692 276 759 omnia,
303 710 379 766 quae
405 693 589 765 Polymestor
613 701 711 748 narrat
736 689 806 746 inde
831 708 849 746 a
879 707 965 746 versu
995 693 1075 746 1128
1109 709 1201 763 usqne
1232 691 1270 747 ad
1295 710 1336 749 va.

170 815 264 872 1150,
289 798 367 856 intra
391 798 532 872 temporis
556 797 684 871 spatium
709 795 772 854 lieri
795 794 926 852 versibus
949 797 1337 872 1004—13circurnscrip-

165 904 247 962 tum?
294 905 385 980 Atqui
410 905 464 962 hos
489 905 560 962 dum
577 904 683 962 recitat
699 903 816 970 chorea,
834 912 927 960 totam
945 921 1006 960 rem
1024 903 1126 978 peragi
1144 923 1268 962 necesse
1284 915 1336 962 est.

272 1032 412 1087 Poterant
435 1030 511 1087 haec
534 1041 563 1086 et
587 1027 696 1086 similia
727 1026 865 1095 conferri,
900 1027 952 1083 ubi
983 1039 1015 1085 ut
1045 1028 1075 1084 in
1100 1029 1231 1086 Hercule
1257 1028 1340 1106 Euri-¹

164 1137 249 1212 pides
280 1136 421 1210 temporis
447 1136 576 1193 rationes
600 1154 661 1192 non
686 1134 855 1208 respexerit.
904 1135 1132 1191 Excusabuntur
1156 1145 1254 1192 autem
1285 1120 1337 1193 tali

165 1242 392 1318 comparatione
409 1262 464 1299 nec
480 1242 626 1300 Hercules
643 1259 741 1314 neque
758 1240 825 1297 illae
843 1241 960 1297 fabulae
977 1240 1137 1315 Euripidis.
1175 1243 1241 1298 lure
1258 1243 1337 1300 enim

166 1351 332 1425 Sophocles
357 1349 588 1424 comparabitur,
613 1348 664 1422 qui
688 1347 718 1404 in
742 1346 836 1404 Aiace
853 1346 941 1403 nullis
959 1365 1027 1404 usus
1043 1347 1198 1422 praesidiis
1216 1348 1254 1405 ab
1272 1348 1336 1422 ipsa

165 1458 283 1515 actione
319 1456 423 1513 alienis
448 1455 621 1513 continuum
647 1454 735 1511 nobis
760 1453 901 1528 praebeat
926 1453 1052 1510 actionis
1076 1472 1193 1511 cursum
1227 1454 1275 1522 ita,
1306 1466 1335 1512 nt

164 1563 303 1621 omnibus
329 1562 461 1636 partibus
486 1562 561 1619 inter
585 1580 616 1618 se
640 1560 873 1635 congruentibus
897 1578 1044 1633 nusquam
1070 1570 1155 1634 aptus
1179 1580 1335 1618 scenarum

164 1681 252 1727 tenor
276 1669 439 1727 divellatur.
489 1668 551 1725 Nos
577 1678 673 1724 autem
706 1685 804 1740 neque
837 1666 981 1724 laudandi
1014 1685 1112 1740 neque
1147 1666 1334 1741 vituperandi

164 1795 255 1833 causa
280 1776 333 1832 has
358 1774 573 1849 discrepantias
597 1773 785 1847 indagamus,
810 1773 864 1829 sed
894 1783 934 1838 ut,
969 1773 1050 1846 quod
1082 1773 1190 1846 cuique
1223 1792 1334 1846 curque

165 1881 316 1955 proprium
340 1879 386 1947 sit,
411 1879 574 1936 videamus,
623 1878 715 1953 igitur
738 1878 776 1936 ad
809 1877 899 1935 aliam
933 1877 1130 1935 differentiam
1164 1879 1334 1952 progredia-

164 2005 237 2054 mur,
263 2006 341 2060 quae
366 1985 470 2043 iterum
496 1985 708 2061 simpliciorem
733 2003 798 2042 esse
822 1994 913 2042 artem
932 1984 1090 2059 Sophoclis
1115 1984 1247 2051 docebit,
1266 1986 1331 2042 sub-

163 2093 291 2150 tiliorem
317 2093 442 2150 fortasse
466 2091 627 2167 Euripidis

271 2198 484 2256 Consideranti
509 2198 587 2256 enim
613 2217 691 2271 quae
723 2197 841 2255 resad
874 2196 1025 2270 utriusque
1056 2198 1176 2255 fabulae
1208 2199 1332 2255 formam

163 2325 278 2364 summa
301 2305 437 2363 habuerit
462 2315 623 2373 momenta,
650 2304 746 2361 omnis
771 2305 831 2362 fere
860 2304 935 2362 inter
960 2305 1140 2378 Sophoclem
1165 2315 1194 2361 et
1219 2304 1332 2378 Euripi·

162 2414 231 2470 dem
256 2412 424 2469 differentia
448 2431 484 2469 eo
508 2411 580 2468 mihi
604 2410 718 2467 videtur
743 2410 848 2477 redire,
874 2410 957 2484 quod
990 2410 1019 2467 in
1054 2410 1162 2469 divinis
1195 2411 1330 2485 personis

160 2518 338 2576 inducendis
363 2518 511 2576 diversam
535 2517 627 2574 secuti
652 2527 718 2574 sunt
742 2516 897 2575 rationem.
947 2519 1015 2573 Hac
1038 2517 1076 2574 de
1110 2536 1140 2574 re
1165 2517 1329 2575 accuratius

160 2644 311 2699 exponere
335 2643 445 2699 operae
469 2624 595 2698 pretium
620 2623 683 2681 erit.

117 2712 119 2716 Ι
267 2730 426 2805 'l'ragicam
453 2730 636 2788 Graecorum
662 2730 765 2804 poesin
791 2751 808 2787 a
832 2730 934 2787 divino
959 2731 1038 2787 cultu
1069 2750 1133 2788 esse
1166 2732 1328 2806 prolectam

159 2846 188 2894 et
212 2837 357 2894 artissime
381 2855 449 2893 cum
473 2836 618 2910 religione
638 2837 731 2893 fuisse
755 2836 956 2905 coniunctam,
974 2837 1050 2893 inter
1073 2855 1177 2894 ornnes
1201 2847 1326 2896 constat.

160 2945 258 3016 ¹itque
283 2943 371 3000 facile
395 2943 585 3016 intellegitur,
619 2942 749 3015 tragicos
774 2942 851 2999 illius
876 2942 980 3000 aetatis
1014 2953 1118 3017 poetas
1148 2943 1235 3001 certis
1267 2944 1328 3017 qni

159 3049 285 3106 busdam
318 3048 434 3122 legibus
469 3049 618 3105 obnoxios
650 3048 740 3106 fuisse
767 3048 880 3122 vulgari
914 3049 1037 3106 deorum
1071 3049 1213 3124 opinione
1247 3068 1327 3124 prae·

158 3155 285 3229 scriptis.
332 3156 410 3212 Nam
434 3174 501 3211 curn
527 3156 633 3222 deca,
659 3173 735 3228 quae
760 3153 836 3210 inter
868 3155 1005 3212 homines
1039 3155 1173 3230 deosque
1204 3156 1325 3214 interce·

158 3261 250 3329 deret,
275 3261 391 3318 ratione
416 3260 490 3317 haec
515 3260 625 3317 valeret
648 3259 762 3336 opinin,
787 3271 818 3317 ut
843 3260 881 3318 ad
905 3260 1037 3317 divinum
1056 3261 1207 3319 arbitrium
1225 3262 1327 3319 onmia

158 3376 374 3435 resecarentur,
398 3362 475 3440 qime
500 3356 671 3423 hominibus
695 3366 875 3436 acciderent,
894 3379 1001 3441 poetae
1025 3368 1170 3424 funestam
1194 3368 1324 3441 aliquam

157 3473 357 3530 calamitatem
382 3473 410 3528 in
436 3491 557 3529 scenam
582 3472 714 3529 afferenti
739 3472 769 3529 id
794 3474 1027 3547 proponebatur,
1053 3492 1143 3546 quam
1168 3475 1324 3533 constitue·

156 3592 199 3635 ret
236 3578 381 3636 rationem
418 3579 493 3635 inter
527 3578 660 3636 divinam
697 3579 933 3637 moderationem
970 3579 1193 3652 naturalemque
1229 3599 1324 3637 rerum

157 3686 350 3741 humanarum
375 3703 501 3741 cursum.
550 3683 767 3741 Moderationis
796 3696 895 3742 autem
928 3686 1052 3743 deorum
1085 3704 1233 3760 nusquam
1264 3697 1324 3743 tam

155 3791 314 3849 manifesta
336 3791 500 3848 cernebant
523 3790 649 3863 vestigia
673 3809 762 3863 quam
788 3791 817 3847 in
842 3791 948 3848 mentis
973 3791 1094 3858 morbis,
1113 3792 1224 3866 quippe
1248 3811 1323 3866 (pirus

154 3916 172 3953 a
196 3896 320 3954 deorum
346 3895 494 3970 proficisci
521 3895 564 3953 ira
587 3914 624 3953 eo
648 3896 763 3952 facilius
787 3896 844 3952 sibi
877 3897 1098 3970 persuaderent,
1133 3916 1192 3971 quo
1227 3898 1322 3956 minus

154 4002 318 4060 naturalem
342 4022 444 4060 eorum
463 4003 608 4076 originem
633 4002 785 4060 habebant
803 4011 999 4076 perspectam.
1048 4004 1211 4076 Quaerenti
1236 4004 1323 4079 igitur

153 4109 192 4166 de
216 4107 350 4165 insaniae
375 4109 455 4182 apud
480 4109 662 4183 Sophoclem
687 4119 715 4166 et
739 4108 912 4182 Euripidem
937 4110 1113 4168 tractatione
1147 4109 1322 4185 investigare

153 4234 229 4288 opus
254 4225 296 4271 est
320 4234 399 4287 (puae
422 4214 481 4272 sint
505 4214 534 4270 in
560 4215 710 4288 utriusque
734 4216 868 4273 dramate
892 4216 1015 4273 deorum
1040 4228 1148 4290 partes.
1198 4219 1321 4290 Deque

153 4333 183 4376 ut
208 4331 286 4378 recte
312 4333 403 4393 atque
427 4320 533 4377 ordine
557 4320 732 4394 disputetur,
758 4321 884 4395 primum
910 4341 1068 4395 exponam,
1095 4323 1316 4395 quomodo-ac·

152 4426 241 4483 tionis
275 4427 370 4484 tenori
402 4427 556 4484 inseruerit
580 4427 747 4501 Sophocles
783 4427 959 4496 Minervam,
993 4429 1100 4485 hidem
1135 4431 1320 4502 lassamque
