2978 5122
716 263 937 322 ..26-

241 474 276 516 us
299 458 440 536 Aeschyli
474 460 621 527 habemus
654 458 907 536 descriptionem,
943 477 1021 535 quae
1044 457 1075 518 in
1098 458 1278 518 Prometheo
1311 456 1416 516 sabula

240 565 398 627 invenitur.

348 676 423 732 Sunt
447 685 544 733 autem
570 675 754 733 secernenda
784 675 814 731 in
839 675 990 748 Aeschylo
1021 673 1082 731 duo
1112 671 1259 730 tractandi
1288 673 1414 747 genera,

240 780 342 854 specie
366 801 402 838 ea
425 782 515 854 longe
540 782 615 839 inter
639 801 670 839 se
694 781 821 849 diversa,
847 799 973 855 quorum
998 780 1122 837 alterum
1147 776 1341 846 Eumenides,
1374 779 1417 835 al-

240 895 334 943 terum
370 887 544 961 Choephori
580 897 608 944 et
643 887 836 944 Prometheus
872 887 992 944 fabulae
1027 895 1258 961 repraesentant.
1305 886 1416 958 Itaque

241 1003 406 1050 monstrata
443 1004 488 1050 est
511 993 720 1068 disputationis
753 993 809 1053 via.
858 993 935 1050 Nam
967 1002 1091 1067 apparet
1120 990 1256 1066 exposita
1287 990 1416 1048 demum

240 1099 297 1156 hac
321 1099 490 1158 differentia
514 1100 659 1158 accedere
683 1118 737 1175 par
760 1118 825 1158 esse
849 1100 889 1157 ad
911 1099 1052 1174 Aeschyli
1077 1117 1145 1156 cum
1162 1097 1306 1172 Euripide
1332 1116 1417 1155 com·

240 1206 435 1279 parationem.

347 1313 499 1385 Quoniam
523 1325 621 1372 autem
646 1313 675 1370 in
701 1314 827 1372 eandem
852 1314 961 1371 cadere
984 1314 1109 1370 formam
1125 1311 1278 1386 posuimus
1293 1309 1417 1370 Orestis

239 1418 269 1474 in
294 1419 492 1494 Choephoris
518 1421 599 1478 Ionis
624 1421 653 1477 in
679 1421 857 1478 Prometheo
881 1419 1123 1494 descriptionem,
1148 1419 1186 1476 ab
1215 1416 1260 1475 his
1291 1416 1415 1474 initium

239 1526 302 1582 fieri
326 1527 471 1584 volumus.
509 1531 608 1602 Atque
632 1528 769 1602 primum,
795 1529 950 1601 quomodo
974 1526 1056 1584 lonis
1080 1524 1226 1583 insaniam
1243 1523 1416 1598 Aeschylus

239 1632 416 1706 depinxerit,
443 1634 620 1695 videbimus.
668 1634 848 1692 Fabularunr
873 1643 1048 1708 argumenta
1063 1650 1213 1706 exponere
1229 1648 1310 1687 nunc
1327 1631 1413 1688 nolo¹

239 1739 309 1793 Hoc
333 1741 541 1798 tantummodo
572 1741 737 1814 quaeritur,
770 1758 848 1814 quae
881 1739 976 1797 subsit
1005 1739 1080 1796 ratio
1114 1737 1239 1812 singulis
1272 1736 1415 1794 insaniae

238 1843 499 1919 descriptionibus
525 1879 568 1888 -

346 1953 507 2021 Dramatis,
533 1954 615 2027 quod
640 1953 809 2010 inscribitur
831 1949 1027 2035 Προμηθεὺς
1052 1948 1222 2030 δεσμώτης.
1255 1950 1318 2007 duo
1354 1951 1415 2008 huc

237 2068 374 2131 spectant
398 2058 477 2133 loci3
502 2071 592 2132 atque
616 2059 654 2117 de
678 2059 787 2134 priore,
812 2058 862 2133 qui
887 2068 932 2116 est
955 2058 1030 2115 tertii
1055 2056 1202 2132 epeisodii
1225 2056 1322 2124 initio,
1350 2066 1414 2114 tum

238 2181 430 2237 exponemus,
457 2185 524 2222 cum
549 2166 587 2223 de
612 2165 707 2223 Furiis
738 2166 777 2223 ab
802 2167 908 2223 Oreste
938 2165 994 2222 sub
1026 2163 1136 2221 exitum
1159 2163 1416 2236 Choephororum

237 2270 406 2343 conspectis
431 2272 646 2346 disputabitur3
679 2272 718 2328 ad
748 2273 872 2330 alterurn
906 2271 1019 2356 statim!
1038 2270 1161 2337 accedo,
1196 2268 1247 2343 qui
1282 2269 1417 2344 pertinet

237 2374 308 2433 inde
333 2396 350 2433 a
374 2397 459 2434 versu
486 2381 545 2452 875
574 2397 666 2452 usque
691 2379 730 2436 ad
753 2359 869 2436 versum
895 2381 968 2448 884.

345 2502 457 2558 Profert
480 2503 514 2558 Io
538 2503 695 2576 repentino
720 2503 855 2560 insaniae
880 2503 998 2560 incursu
1023 2520 1167 2576 oppressa
1191 2501 1265 2558 haec
1298 2502 1414 2560 verba:

494 2603 612 2679 ἔλελεῦ,
638 2605 756 2672 ἐλελεῦ.

497 2712 562 2776 ὑπό
585 2719 618 2793 μ’
645 2705 690 2779 αὖ
715 2713 873 2795 σφάκελος
895 2724 951 2777 καὶ
975 2711 1203 2800 φρενοπληγεῖς

494 2831 611 2901 μανίαι
639 2820 818 2896 θάλασσα,
843 2825 970 2905 οἴστρου
995 2820 1022 2882 δ’
1048 2816 1141 2905 ἄρδις

492 2936 573 3009 χρίει
596 2922 767 3009 μ’ἄιτορος·
1024 2918 1026 2922 ’

494 3031 613 3117 κραδία
639 3032 674 3096 δὲ
698 3032 791 3120 φόβῳ
816 3043 919 3118 ηρίνα
943 3033 1094 3108 λακτίζει.

492 3137 724 3220 τροχοδινεῖται
750 3139 776 3202 δ’
802 3133 930 3223 ὄμμαθ’
956 3137 1094 3220 ἑλίγδην,

493 3241 557 3318 ε”ξοι
582 3243 616 3307 δὲ
642 3240 762 3325 δρόμον
785 3255 923 3331 φέρομαι
946 3244 1060 3327 λύσσης

493 3347 660 3431 πνεύματι
683 3345 806 3437 μα’ργῳ,
830 3347 970 3436 γλώσσης
993 3348 1147 3435 α’κρατής.

495 3457 628 3537 θολεροὶ
653 3457 688 3520 δὲ
713 3455 801 3536 λόγοι
824 3458 958 3522 παίονσ)
982 3459 1052 3552 εἰκη]

492 3567 626 3645 στυγνῆς
651 3562 731 3647 ιτρδς
755 3563 895 3645 κύμασιν
918 3561 1008 3647 ἄτης.

343 3668 432 3724 Hanc
460 3669 594 3727 insaniae
618 3670 851 3744 descriptionem
876 3692 935 3746 qua
967 3672 1082 3729 ratione
1114 3670 1271 3727 instituerit
1304 3684 1411 3746 poeta,

236 3773 389 3845 quaerenti
415 3775 512 3831 statim
536 3777 641 3832 mirum
674 3777 829 3849 ridebitur,
861 3780 941 3851 quod
976 3781 1006 3835 lo
1040 3778 1106 3852 ipsa
1139 3776 1273 3850 quamvis
1308 3780 1412 3839 furore

236 3898 379 3953 oppressa
403 3881 510 3938 mentis
535 3883 729 3956 corporisque
752 3883 796 3939 sui
813 3893 920 3939 statum
938 3884 1089 3941 describit.
1137 3883 1301 3941 Veritatem
1319 3884 1413 3960 igitur

234 4003 296 4041 nou
321 3986 433 4042 curavit
458 3997 556 4061 poeta,
582 3989 663 4062 quod
688 4007 725 4045 ne
749 3990 881 4046 offendet
905 3989 1026 4062 quidem
1050 3990 1080 4046 in
1105 3991 1265 4064 Aeschylo,
1315 3994 1411 4051 Hanc

234 4101 342 4160 autem,
361 4092 414 4148 etsi
441 4112 501 4149 non
519 4104 669 4151 assecutus
694 4107 747 4164 est,
764 4106 865 4152 tamen
883 4096 1050 4154 adfectasse
1067 4108 1189 4172 poetam
1214 4097 1411 4173 unusquique

235 4197 350 4255 sentiet.
399 4198 500 4269 Quam
525 4199 563 4255 acl
587 4219 648 4256 rem
674 4200 780 4274 quibus
804 4201 944 4259 subsidiis
970 4221 1038 4259 usus
1063 4203 1115 4272 sit,
1143 4222 1251 4278 operae
1274 4204 1410 4276 pretium

234 4313 278 4360 est
302 4303 486 4377 investigare.

341 4411 536 4484 Summopere
561 4411 702 4485 agitatam
727 4431 792 4470 esse
816 4417 917 4473 lonem
943 4417 1042 4475 statim
1067 4417 1198 4475 declarat
1226 4428 1410 4495 anapaesto·
