2978 5122
577 290 799 354 ...25-

206 471 288 530 Bene
304 480 402 530 autem
419 469 573 530 conscium
590 470 679 530 fuisse
696 470 753 530 sibi
770 470 944 547 Euripidem
965 490 1036 531 suae
1061 468 1272 548 descriptionis

88 578 238 647 veritatis
272 597 452 653 quamquam
486 578 556 635 satis
589 598 625 637 ex
658 579 703 647 iis,
738 597 816 652 quae
850 580 993 637 hactenus
1025 579 1161 654 exposita
1194 588 1270 650 sunt,

92 704 244 759 apparere
268 685 447 760 putaverim,
472 696 573 743 tamen
598 686 735 760 exemplo
759 687 860 760 paullo
892 686 976 744 aliter
1008 696 1182 761 comparato
1211 685 1272 742 illu·
1325 749 1327 751 .

92 803 191 849 strare
215 791 313 849 liceat.
361 791 505 850 Ultimam
530 791 608 848 enim
633 810 754 849 scenam
779 792 818 849 ad
843 793 971 850 furorem
995 801 1190 866 spectantem,
1215 808 1274 864 qua

94 917 208 955 somno
231 898 353 956 solvitur
377 899 533 967 Hercules
558 898 705 966 attendas,
731 899 829 967 velim,
855 918 914 972 qua
938 898 1053 955 ratione
1077 896 1273 955 introduxerit

94 1013 198 1080 poeta.
218 1004 378 1062 Antecedit
390 1004 614 1078 Amphitryonis
628 1023 695 1060 cum
710 1004 802 1061 choro
816 999 947 1086 κόμμος,
965 1004 1016 1078 qui
1033 1014 1164 1060 vocatur.
1179 1003 1272 1060 Audi-

97 1130 183 1168 amus
208 1111 281 1185 quid
305 1110 360 1167 sibi
392 1120 501 1168 statuat
524 1120 608 1185 pater
632 1111 669 1168 de
693 1111 809 1182 sommi,
836 1088 896 1185 (luo
921 1120 1037 1168 tenetur
1052 1110 1139 1182 fitius,
1156 1119 1272 1168 eventu.

98 1217 255 1275 Admonet
278 1217 410 1286 chorum,
435 1236 474 1276 ne
498 1217 607 1275 excitet
630 1217 792 1274 Herculem
817 1226 905 1274 cantu
922 1215 1057 1291 lugubri,
1082 1215 1128 1273 his
1160 1215 1271 1274 verbis:

98 1319 155 1402 (cf.
180 1343 240 1382 vss.
271 1344 350 1398 1043
376 1324 475 1400 seqq.)

284 1429 341 1493 οὐκ
366 1427 531 1513 οἷορεμοιῐοι
557 1430 683 1512 θρῆνον
707 1423 830 1502 αἰάξετ’
856 1418 885 1492 οῗ
907 1437 1070 1515 γέροντες;

285 1534 306 1618 ἤ
331 1536 419 1619 δέσμ’
445 1531 689 1622 οἷνεγειρόμενος
711 1535 861 1617 χαλάσας
887 1535 1006 1599 ἀπολεῖ
1026 1533 1125 1599 πόλιν

285 1639 353 1706 α’πδ
379 1644 416 1707 δὲ
442 1651 571 1727 πατέρα
595 1641 752 1729 μέλαθρά
775 1666 809 1705 τε
834 1641 1040 1728 καταρρήξω.

209 1748 374 1823 Incipiente
397 1768 467 1808 vero
500 1749 665 1825 expergisci
689 1750 821 1807 Hercule
854 1760 983 1823 quantus
1013 1758 1127 1823 patrem
1160 1747 1274 1805 invadit

102 1857 215 1918 metus!
262 1857 298 1912 cs.
323 1875 379 1913 vss.
411 1859 491 1913 1068
517 1871 623 1929 seqq:

286 1966 383 2049 φυγᾷ,
409 1967 505 2048 φυγᾷ,
530 1968 685 2047 γέροντες,
712 1959 845 2047 οἷποπρό
871 1959 1030 2043 δωμάτων

287 2067 428 2138 διώκετε,
453 2063 587 2150 φεύγετε
609 2062 736 2153 μάργον
761 2064 842 2151 ἄνδρ
866 2065 1114 2153 ἐπεγειρόμενον

287 2170 374 2252 τάχα
400 2174 501 2258 φόνον
525 2179 633 2261 ἕτερον
656 2172 713 2237 ἐπὶ
737 2169 824 2260 φόνῳ
848 2173 963 2249 βαλων

287 2281 338 2347 ἄν’
364 2273 409 2347 αὖ
430 2277 603 2362 βακχεύσει
628 2279 802 2360 Καδμείων
825 2280 932 2344 πόλιν.

212 2391 292 2447 Eece
326 2399 425 2448 tamen
461 2389 566 2446 miram
605 2388 681 2445 inter
715 2388 940 2462 Amphitryonis
965 2388 1216 2462 exspectationem
1242 2398 1271 2445 et

102 2514 205 2554 verum
231 2496 369 2553 Herculis
394 2497 433 2554 ad
457 2515 489 2553 se
513 2495 664 2552 redeuntis
688 2505 795 2552 statum
820 2493 1071 2570 discrepantiam!
1120 2493 1202 2566 Quid
1224 2494 1275 2568 igi-

102 2612 150 2659 tur
172 2602 234 2677 agit
267 2602 443 2660 furibundus
469 2603 520 2673 vir,
555 2620 653 2675 quem,
686 2620 724 2658 ne
758 2621 852 2658 novas
887 2611 1070 2677 perpetraret
1103 2601 1211 2658 caedes
1236 2601 1275 2658 ad

102 2709 276 2765 columnam
300 2707 481 2782 alligavere?
507 2741 548 2749 --
572 2709 618 2765 Ne
642 2726 761 2781 surgere
786 2708 907 2782 quidem
931 2707 1027 2767 valet!

211 2816 245 2871 ln
270 2815 315 2871 his
339 2824 399 2871 tam
424 2815 581 2872 manifeste
605 2824 747 2886 tantaque
772 2833 839 2870 cum
863 2815 999 2872 efficacia
1028 2815 1102 2872 inter
1127 2834 1158 2872 se
1182 2833 1275 2889 oppo-

101 2921 167 2978 sitis
190 2931 301 2978 certum
327 2931 435 2995 poetae
465 2921 622 2978 consilium
656 2939 720 2978 esse
754 2921 937 2978 cernendum
969 2921 1173 2995 unusquisque
1206 2940 1274 2978 con·

101 3027 220 3084 sentiet.
268 3030 367 3101 Atque
391 3027 494 3085 nescio
518 3027 668 3100 equidem,
694 3045 732 3083 an
756 3043 792 3084 ea
816 3038 915 3085 mente
940 3028 980 3084 ita
1013 3046 1075 3084 rem
1107 3027 1273 3096 instituerit,

67 3197 71 3202 .
100 3145 136 3190 ut
159 3133 244 3207 quasi
262 3146 427 3209 opponeret
446 3152 515 3192 suae
535 3133 745 3207 descriptionis
768 3133 922 3191 veritatem
948 3134 1027 3191 falsis
1050 3134 1164 3191 indocti
1181 3133 1275 3208 opini-

100 3238 221 3296 onibus.
270 3241 339 3295 Hoc
364 3251 443 3297 certe
466 3259 556 3296 nemo
581 3239 711 3312 negabit,
739 3239 964 3313 Amphitryonis
996 3240 1033 3297 de
1066 3240 1173 3297 sommi
1197 3239 1275 3296 exitu

100 3345 282 3403 coniecturis
314 3345 438 3403 mirifice
462 3347 563 3420 augeri
589 3346 727 3402 Herculis
752 3346 999 3419 expergiscentiS,
1025 3365 1102 3419 quae
1134 3345 1275 3419 sequitur,

100 3451 314 3526 descriptionis
338 3452 396 3509 vim
422 3453 460 3510 ad
485 3472 584 3509 veram
610 3453 760 3516 institutae
783 3454 1008 3526 naturalemque
1024 3453 1122 3509 morbi
1139 3454 1274 3509 formam.

211 3558 304 3616 Vides
329 3558 416 3633 igitur
440 3560 478 3616 ad
503 3559 532 3616 id
559 3559 660 3616 omnia
684 3560 741 3615 hac
766 3559 795 3615 in
820 3559 961 3616 dramatis
984 3570 1068 3634 parte
1092 3558 1275 3632 conspirare.

99 3675 135 3723 ut
158 3664 264 3723 furoris
288 3683 427 3739 expressa
451 3665 538 3722 nobis
562 3675 747 3739 proponatur
771 3665 881 3739 imago
907 3698 950 3708 -

532 3859 848 3866 ——qo

211 4002 347 4059 Transeo
371 4003 409 4060 ad
434 4004 556 4060 alteram
581 4003 798 4061 dissertationis
831 4013 955 4077 partem,
989 4020 1049 4075 qua
1081 4002 1119 4059 de
1144 4003 1216 4058 lone
1247 4010 1276 4059 et

97 4110 212 4168 Oreste
236 4125 301 4165 esse
325 4108 539 4182 disputandum
564 4128 653 4184 supra
677 4109 810 4184 exposui.
1299 4087 1302 4095 Ι

211 4215 311 4286 Atque
336 4214 450 4271 Orestis
475 4216 598 4288 quidem
623 4216 661 4273 ad
686 4216 833 4273 insaniam
859 4225 997 4289 quattuor
1022 4215 1170 4290 pertinent
1193 4215 1276 4272 sabu-

94 4325 167 4380 lae:
193 4321 334 4394 Aeschyli
358 4322 539 4379 Eumenides
564 4332 593 4379 et
617 4323 800 4397 Choephori,
826 4321 985 4395 Euripidis,
1011 4340 1089 4395 eptae
1113 4321 1276 4379 inscribun-

94 4440 149 4488 tur
171 4415 317 4514 Ὀρέστης
340 4437 369 4485 et
393 4425 564 4509 Ἰφιγένεια
589 4427 609 4502 ἡ
634 4423 669 4492 ἓν
697 4426 853 4511 Ίάύροις;
879 4427 961 4487 lonis
984 4445 1054 4488 vero
1079 4427 1199 4486 furentis
1216 4427 1277 4485 uni-

1123 4631 1391 4820 Α
