2978 5122
717 306 761 317 ..
807 276 937 346 48..

244 486 337 528 amus.
383 467 498 542 Insigni
532 486 598 526 eam
622 467 722 526 testari
757 469 895 542 exemplo
919 467 1069 527 existimat
1098 468 1205 526 mirum
1229 469 1309 525 hunc
1342 467 1418 525 inter

244 575 321 632 duos
337 573 481 631 librorum
506 575 590 631 locos
607 591 804 632 consensum:
830 574 1033 648 Hippocrates
1051 592 1118 631 curn
1142 574 1181 631 de
1198 574 1306 649 capitis
1321 575 1419 631 forma

244 680 335 738 verba
352 678 451 752 faciat,
477 698 555 754 quae
571 680 601 737 in
618 681 856 755 macrocephalis
880 690 1024 750 occurrat,
1042 679 1165 754 exponit
1181 680 1278 754 primo
1295 679 1417 754 quidem

245 799 307 847 arte
329 786 466 844 homines
490 786 571 861 ipsos
596 786 727 860 capitum
752 785 970 861 longitudinem
995 787 1122 854 auxisse,
1147 784 1258 844 deinde
1287 804 1358 843 vero
1383 804 1419 842 ex

244 894 350 952 crebra
366 893 424 949 hac
441 891 658 949 consuetudine
678 903 784 949 natura
807 909 873 950 eam
890 909 956 949 esse
980 892 1099 950 factam.
1142 893 1234 965 Quod
1257 891 1303 949 his
1319 890 1419 949 verbis

244 997 391 1074 explicat:

352 1102 368 1165 ὁ
384 1099 447 1186 γὰρ
470 1095 564 1181 μόνος
581 1100 804 1185 πανταχόθεν
828 1100 956 1189 ἔρχεται
977 1103 1033 1166 τοῦ
1049 1096 1199 1183 σώματος
1216 1096 1335 1166 οἰκότι
1354 1107 1421 1166 τῶν

243 1211 381 1296 ὑγιηρῶν
404 1202 532 1295 ιῖγιηρός
556 1203 626 1271 οἷπό
650 1233 685 1271 το
707 1209 774 1272 τῶν
798 1209 937 1296 νοσερῶν
961 1207 1095 1291 νοσερός·
1121 1213 1151 1271 εἰ
1173 1199 1231 1274 οὖν
1253 1216 1419 1289 γίγνονται

246 1314 281 1381 ix
305 1340 339 1378 τε
362 1319 429 1378 τῶν
452 1315 632 1400 φαλακρῶν
655 1315 820 1400 φαλακροί
839 1320 895 1378 καὶ
918 1311 954 1377 ἐκ
976 1313 1128 1393 γλαυκῶν
1148 1316 1285 1394 γλαυκοί
1307 1324 1360 1378 καῖ
1385 1314 1421 1376 ἐκ

249 1424 516 1509 διεστραμμένων
533 1423 689 1507 στρεβλοί,
707 1422 751 1496 ῶς
775 1421 831 1485 ἐπὶ
855 1415 891 1484 τδ
909 1421 1048 1502 πλῆθος.
1075 1431 1129 1486 καὶ
1151 1430 1225 1507 πιρῐ
1248 1423 1304 1500 τῆς
1321 1418 1421 1505 ἄλλης

245 1533 370 1616 μορφῆς
394 1529 413 1588 o‘
437 1526 537 1602 αι’·τδς
561 1523 662 1606 λόγος.
688 1538 723 1590 τί
743 1528 856 1591 notua
884 1536 939 1591 καὶ
963 1526 999 1590 ἐκ
1021 1527 1278 1615 μακροκεφάλιον
1303 1552 1421 1613 μακρο-

246 1635 388 1719 κέφαλον
409 1638 592 1713 γίγνεσθαι.
1130 1699 1132 1703 ,
1457 1613 1465 1628 ⁸

354 1739 495 1798 Similiter
518 1739 712 1797 ratiocinatur
735 1740 801 1797 libri
827 1739 865 1797 de
890 1740 996 1797 morbo
1021 1757 1105 1796 sacro
1130 1749 1234 1798 auctor
1258 1731 1421 1798 naturalem

247 1846 411 1922 epilepsiae
437 1845 583 1920 originem
607 1845 652 1902 his
677 1864 831 1921 exponens
854 1845 961 1904 verbis.

346 1967 498 2051 ’Ἀρχιται
522 1963 591 2050 (set.
616 1969 773 2047 epilepsia)
796 1963 905 2054 ῶσπερ
922 1977 978 2032 καὶ
1000 1964 1105 2031 τᾶλλα
1122 1965 1310 2051 νονσήματα
1336 1965 1421 2039 κατα

246 2087 344 2159 γένος.
355 2070 454 2160 ιίμδρ
464 2073 499 2136 ἐκ
509 2075 755 2156 φλεγματοὶδεος
765 2075 995 2159 purpurariae
1005 2081 1062 2138 καὶ
1070 2074 1105 2137 ι’,κ
1114 2074 1269 2156 χολώδους
1277 2073 1423 2158 χολῶδης

247 2195 391 2265 γίγνεται
416 2189 473 2244 καῖ
496 2179 531 2244 ἔκ
562 2181 747 2262 paradoxae
771 2181 940 2264 φθινώδης
962 2191 1018 2244 καὶ
1041 2180 1077 2244 ἔκ
1101 2176 1305 2263 σπληνῶδιος
1328 2181 1424 2261 ortlu-

249 2286 360 2373 νῶδης,
387 2298 421 2351 τί
446 2281 571 2362 κωλύει,
589 2284 652 2375 ὅτῳ
669 2283 779 2374 πατήρ
803 2298 858 2351 καὶ
881 2287 986 2374 μήτηρ
1003 2291 1105 2368 εἴχετο
1129 2285 1233 2370 τούτῳ
1248 2291 1296 2373 τῷ
1319 2286 1424 2350 νοσεύ·

249 2421 327 2480 ματι
353 2398 499 2458 καὶτῶν
534 2391 678 2474 ἐκγόνων
702 2392 844 2476 ἴχισδαί
863 2418 958 2458 τινας
992 2387 1035 2468 ῶς
1069 2393 1085 2455 ὁ
1121 2392 1215 2472 γόνος
1245 2392 1422 2458 ααντόδον

250 2501 378 2590 ἔρχεται
401 2502 458 2564 τοῦ
483 2498 631 2582 σώματος
647 2491 718 2564 virui
742 2526 776 2563 τε
800 2497 866 2565 τῶν
881 2500 1024 2584 ὑγιηρῶν
1045 2499 1183 2587 τῖγιηρός,
1202 2495 1271 2562 dul
1295 2524 1331 2563 τε
1355 2503 1423 2563 τῶν

251 2612 390 2694 νοσερῶν
413 2604 549 2691 νοστρός.

357 2716 391 2772 In
426 2713 532 2771 horum
569 2713 657 2789 igitur
691 2715 826 2772 locorum
857 2732 1006 2772 consensu
1031 2714 1181 2772 Ermerins
1212 2713 1335 2789 putidae
1359 2713 1423 2770 irni-

251 2821 373 2881 tatiouis
397 2821 511 2879 clarum
537 2821 631 2880 cernit
655 2822 878 2880 documentum.
904 2821 1097 2891 ,Manifesto‘,
1123 2821 1228 2895 inquit,
1255 2819 1332 2890 ,furti
1357 2838 1424 2876 rcus

252 2928 484 3004 deprehenditur
507 2925 673 3002 sophistal‘
702 2963 740 2970 -
770 2929 871 3003 Atque
894 2928 966 2985 ruihi
992 2928 1113 3002 quidem
1138 2928 1212 2984 haec
1244 2946 1279 2984 ex
1303 2926 1424 2983 duobus

252 3037 327 3093 locis
350 3034 505 3091 conclusio
529 3053 567 3091 ne
590 3033 721 3108 speciem
746 3034 868 3108 quidem
893 3034 982 3092 habet
1007 3034 1146 3092 veritatis
1187 3033 1316 3090 Primum
1342 3033 1424 3090 enim

254 3159 374 3217 prorsus
398 3140 546 3199 diversam
570 3149 748 3214 potestatem
767 3140 878 3198 habent
904 3151 1028 3215 utroque
1045 3140 1074 3197 in
1099 3140 1176 3197 libro
1200 3140 1268 3196 illae
1292 3139 1426 3196 rationes

253 3248 360 3306 iisdem
384 3247 445 3303 sere
469 3246 566 3304 verbis
591 3263 757 3320 expressae.
806 3247 884 3304 Nam
910 3247 940 3303 in
965 3248 1058 3304 altero
1083 3245 1216 3320 corporis
1241 3246 1354 3319 figurae
1378 3264 1426 3303 ex·

255 3362 405 3429 ponuntur
440 3370 558 3421 causae,
594 3351 713 3408 alterius
750 3370 820 3409 vero
844 3363 948 3410 auctor
972 3353 1059 3410 salsas
1084 3353 1123 3410 de
1147 3351 1244 3408 morbi
1268 3350 1426 3411 cuiusdam

255 3459 409 3517 divinitate
433 3458 591 3533 opiniones
616 3459 748 3516 refellere
772 3459 879 3519 studet.
912 3460 1019 3534 Neque
1042 3459 1177 3533 negabis,
1204 3456 1339 3532 flagitare
1356 3458 1427 3516 libri

255 3567 294 3625 de
317 3566 424 3624 morbo
448 3584 534 3622 sacro
558 3565 716 3622 consilium
746 3566 916 3624 necessario
940 3567 1055 3623 hancce
1090 3564 1277 3633 sententiam,
1313 3564 1428 3639 quippe

256 3673 303 3730 cui
339 3672 378 3729 ad
412 3671 646 3746 impugnandam
676 3691 804 3746 ¹pravam
828 3672 908 3747 vulgi
944 3672 1181 3746 superstitionem
1218 3690 1279 3730 uon
1304 3681 1427 3745 praesto

256 3789 333 3837 esset
356 3756 453 3835 acrius
475 3778 566 3835 telum
590 3797 677 3851 quarn
703 3779 845 3836 naturalis
869 3780 945 3836 haec
968 3779 1138 3848 necessitas
1165 3795 1244 3853 quae
1276 3778 1352 3835 inter
1376 3798 1429 3854 pa-

256 3896 371 3945 rentum
395 3894 592 3958 natorumque
615 3884 817 3942 valetudinem
843 3885 1008 3943 intercedit.
1050 3886 1153 3958 Quare
1176 3903 1237 3943 non
1261 3884 1351 3942 video
1375 3904 1430 3942 cur

258 3992 379 4051 aliunde
403 4007 468 4049 esse
492 3990 701 4066 depromptam
728 3991 806 4048 hanc
834 3991 1012 4050 sententiam
1035 3993 1081 4049 vel
1107 3991 1196 4048 ullam
1219 3990 1331 4048 habeat
1355 3991 1428 4049 veri-

242 4109 358 4156 tatem.
405 4096 533 4154 Accedit
557 4115 655 4172 porro,
681 4097 764 4172 quod
788 4097 919 4155 imitator
941 4097 1005 4168 iste,
1030 4117 1120 4172 quem
1153 4097 1241 4155 sumit
1265 4097 1429 4168 ErmerinS,

257 4223 275 4263 e
309 4203 441 4279 genuino
477 4203 671 4278 Hippocratis
705 4203 781 4261 libro
816 4204 907 4262 verba
943 4216 1044 4262 nostra
1079 4205 1289 4279 exscripsisse,
1326 4205 1367 4262 ad
1398 4205 1432 4262 id

251 4311 356 4385 ,statim
380 4309 485 4367 transit
507 4320 723 4384 argumentum,
745 4311 828 4384 quod
851 4310 996 4368 artissime
1020 4313 1178 4369 cohaereat
1194 4329 1261 4368 cum
1286 4311 1332 4380 iis,
1350 4330 1432 4386 quae

243 4417 451 4488 ‚antecedunt
507 4415 605 4493 Pergit
639 4415 719 4475 enim
754 4427 859 4477 auctor
893 4417 931 4476 de
965 4420 1072 4477 morbo
1107 4436 1194 4478 sacro
1228 4418 1274 4477 his
1308 4417 1431 4480 verbis;
