2978 5122
597 1041 889 1144 Epimetrum.

265 1227 297 1282 In
323 1225 532 1284 dissertatione
556 1243 624 1283 cum
641 1224 716 1282 alios
734 1224 825 1282 libros
844 1224 1080 1300 Hippocraticos
1104 1235 1165 1282 tum
1189 1225 1229 1283 de
1254 1245 1334 1283 mor·

157 1331 198 1388 bo
222 1349 308 1389 sacro
332 1341 488 1389 tractatum
513 1331 551 1389 ad
576 1330 735 1405 Euripides
760 1330 1033 1406 interpretationem
1058 1330 1191 1388 adhibui.
1235 1332 1333 1404 Quod

157 1455 209 1493 cur
233 1437 329 1494 facere
354 1455 414 1494 non
439 1436 648 1505 dubitaverim,
673 1436 801 1494 breviter
824 1455 974 1512 exponere
998 1455 1073 1512 opus
1098 1447 1150 1495 est.

264 1561 422 1619 Miraberis
446 1562 525 1618 enim
547 1563 681 1630 sortasse,
699 1561 770 1635 quid
795 1563 916 1619 tandem
940 1561 997 1620 sibi
1014 1561 1084 1619 velit
1099 1580 1166 1624 cum
1184 1562 1333 1637 Euripide

157 1668 341 1742 compositus
366 1667 578 1742 Hippocrates,
626 1670 674 1725 An
698 1667 806 1741 legisse
830 1678 930 1743 putem
955 1669 1040 1726 huius
1065 1668 1175 1744 scripta
1206 1678 1332 1743 poetam

157 1783 300 1843 nostrum,
324 1793 386 1831 non
411 1793 527 1842 curans
552 1784 738 1849 quantopere
762 1774 900 1832 differant
923 1784 1028 1832 aetate.
1077 1774 1155 1832 Dein
1188 1775 1332 1832 monebis

157 1889 246 1947 certe,
272 1889 368 1936 utrum
393 1879 514 1956 genuini
540 1880 607 1948 sint,
632 1898 739 1952 necne,
772 1899 848 1954 quos
881 1880 1014 1949 adierim,
1040 1881 1117 1950 libri,
1152 1899 1257 1954 parum
1282 1899 1332 1939 me

156 1986 329 2060 respexisse.

264 2110 333 2167 Scio
357 2110 396 2168 de
419 2111 549 2185 genuina
580 2111 773 2186 singulorum,
809 2130 887 2185 quae
912 2111 1122 2186 Hippocratis·
1141 2111 1265 2169 nomine
1290 2113 1331 2169 fe·

156 2225 266 2286 runtur,
298 2216 475 2292 scriptorum
507 2217 681 2275 auctoritate
712 2218 799 2274 valde
832 2218 975 2275 fluctuare
1010 2219 1137 2276 virorum
1169 2219 1330 2275 doctorum

155 2323 327 2391 sententias
352 2323 496 2398 imprimis
520 2344 600 2393 ver0,
626 2343 686 2398 quo
723 2323 909 2398 potissimum
943 2344 1007 2382 sum
1038 2343 1117 2393 usus,
1150 2325 1188 2383 de
1220 2325 1330 2382 morbo

153 2447 239 2485 sacro
264 2429 358 2487 libelli
375 2430 519 2505 originem
538 2429 786 2505 Hippocraticam
812 2431 1049 2489 dubitationibus
1074 2431 1239 2489 obnoxiam
1263 2450 1329 2489 esse

153 2535 233 2591 haud
257 2535 382 2594 levibus

260 2661 350 2718 Nolui
374 2671 473 2720 autem
498 2663 576 2718 bane
600 2662 638 2718 de
662 2662 803 2718 librorum
830 2662 1112 2736 Hippocraticonrm
1149 2662 1329 2746 auctoritate

155 2767 361 2841 quaestionem
387 2788 466 2827 nunc
492 2786 620 2825 movere.
669 2768 783 2824 Nimias
809 2767 888 2824 enim
912 2769 1002 2826 babet
1018 2768 1218 2838 difficultates
1237 2787 1328 2842 quam

154 2891 231 2946 quae
255 2875 433 2932 sustineatur
457 2894 474 2931 a
498 2874 603 2941 trione,
629 2892 684 2931 nec
709 2874 833 2931 omnino
858 2874 897 2931 ad
930 2884 1042 2932 certum
1072 2886 1170 2949 potest
1202 2875 1329 2949 perduci

153 2980 252 3051 linem,
279 2982 422 3055 quoniam
445 2981 552 3050 studia,
571 2981 695 3054 quaein
713 2981 906 3055 Hippocratis
923 2969 1076 3039 versantur
1092 3000 1221 3056 persona
1238 2981 1328 3056 scrip·

155 3083 262 3158 usque,
288 3087 404 3145 idoneis
430 3088 528 3144 adbuc
552 3099 654 3144 carent
679 3087 889 3146 fundamentis,
939 3089 1049 3146 Nostra
1065 3107 1134 3145 vero
1150 3106 1189 3144 ne
1206 3087 1330 3146 interest

156 3189 277 3264 quidem
302 3193 399 3260 nimis,
425 3204 521 3249 utrum
545 3192 609 3266 ipse
633 3193 842 3267 conscripserit
867 3194 1068 3269 Hippocrates
1089 3194 1182 3250 libros
1215 3213 1256 3250 an
1281 3213 1330 3252 eo·

154 3314 216 3352 rum
253 3298 380 3372 aliquiS,
414 3299 466 3373 qui
501 3298 539 3355 ab
576 3299 627 3355 illo
659 3299 783 3373 profecti
813 3309 890 3356 sunt.
951 3302 1019 3356 Hoc
1052 3300 1132 3357 enim
1162 3301 1329 3368 contende,

153 3422 231 3476 quae
264 3406 371 3462 fuerint
395 3405 546 3480 Euripidis
580 3417 675 3463 aetate
711 3405 895 3463 medicorum
931 3407 1113 3463 Graecorum
1147 3407 1185 3463 de
1218 3408 1330 3464 mentis

152 3510 264 3569 morbis
289 3512 463 3581 sententiae,
488 3512 600 3587 optime
624 3530 679 3568 nos
704 3512 819 3569 discere
843 3531 877 3568 ex
908 3512 990 3569 libris
1016 3512 1241 3588 Hippocraticis
1266 3532 1330 3570 non

153 3617 250 3673 solum
275 3618 412 3693 genuinis
437 3619 489 3676 sed
515 3618 603 3675 etiam
628 3618 744 3691 spuriis,
771 3618 883 3692 quippe
914 3618 965 3692 qui
989 3619 1011 3675 si
1038 3638 1098 3675 non
1129 3619 1230 3686 verba,
1258 3620 1331 3678 doc-

152 3723 258 3780 trinam
284 3725 388 3782 saltem
413 3724 500 3781 nobis
532 3725 650 3782 tradant
685 3724 776 3798 ipsius
802 3725 1005 3799 Hippocratis.
1055 3725 1210 3783 Genuinos
1244 3746 1329 3788 vetor

95 3849 96 3854 ¹
151 3848 226 3903 quos
251 3831 384 3899 adhibui,
410 3850 480 3887 num
505 3831 607 3906 legerit
631 3831 694 3905 ipse
718 3831 885 3906 Euripides
911 3833 981 3889 nolo
1015 3833 1189 3907 disceptare.
1238 3834 1320 3892 Nam

151 3935 224 3994 false
248 3936 389 4004 iudicant,
416 3937 466 4010 qui
491 3956 557 3994 eum
582 3937 749 3994 existiment
774 3937 863 3995 fuisse
891 3937 1116 4012 Hippocratem,
1142 3958 1160 3996 a
1184 3958 1246 4012 quo
1265 3951 1330 3997 tan·

152 4061 242 4116 quam
263 4063 280 4100 a
298 4055 382 4117 patre
399 4063 433 4101 ea
451 4044 561 4112 omnia,
580 4062 658 4118 quae
675 4043 742 4100 libri
767 4043 975 4119 Hippocratici
992 4045 1175 4114 contineant,
1192 4047 1331 4120 profecta

152 4149 271 4207 demum
305 4160 333 4207 et
364 4150 484 4207 inventa
515 4150 581 4207 sint.
631 4150 778 4223 Equidem
810 4151 848 4207 ad
880 4150 1023 4207 Littreum
1057 4170 1199 4225 provoco,
1232 4152 1328 4210 virum

151 4255 368 4320 doctissimum,
395 4257 433 4313 de
451 4256 639 4330 Hippocrate
663 4256 703 4312 ita
728 4256 925 4314 iudicantem:
951 4251 1004 4331 (cl.
1030 4258 1063 4314 L.
1090 4259 1112 4313 l.
1139 4276 1187 4332 pg.
1218 4254 1328 4333 24l25)

150 4393 189 4402 -
222 4395 259 4403 -
289 4380 343 4418 son
370 4363 472 4420 merite
496 4364 571 4422 dans
594 4365 623 4420 la
647 4362 774 4431 seleuce,
800 4364 828 4419 la
853 4363 951 4419 raison
976 4364 1015 4420 du
1050 4364 1120 4420 baut
1144 4382 1228 4437 rang,
1254 4366 1329 4438 qu'il
