2978 5122
561 285 781 329 ...fl-.-

82 464 197 541 pariter
219 463 303 524 vanis
332 463 443 524 fallitur
467 463 658 542 imaginibus.
707 465 824 526 Tamen
853 464 901 523 hic
932 463 1119 541 potissimum
1150 463 1256 534 elucet,

82 583 230 647 quantum
255 572 330 630 inter
349 572 507 648 Sophoclis
532 583 560 631 et
578 572 730 648 Euripidis
755 573 902 631 rationem
919 571 1110 631 describendi
1132 571 1256 631 intersit.

82 678 188 736 Aiacis
211 679 291 737 enirn
315 698 399 737 mens
423 690 485 737 tota
508 691 552 736 est
575 679 697 738 addicta
712 680 763 737 uni
787 681 880 738 talsae
903 679 1050 755 opinioni,
1068 662 1145 736 intra
1168 696 1257 753 quam

83 786 256 843 continetur
280 786 406 845 insania.
463 788 520 843 Pro
545 786 675 844 Achaeis
709 787 840 863 pecudes
873 787 971 844 caedit
1000 796 1144 860 tanquam
1168 783 1256 843 viros.

82 895 186 967 Atque
210 904 309 950 manet
333 894 407 950 haec
431 892 545 967 opinio,
569 893 639 950 dum
665 893 778 950 levetur
801 893 897 950 morbi
922 892 1104 952 accessione.
1247 875 1249 880 .

195 1019 301 1093 Longe
323 1019 407 1076 aliter
430 1037 491 1076 rem
509 1017 633 1075 instituit
649 1017 816 1092 Euripides,
834 1036 894 1075 non
920 1018 1113 1094 acquiescens
1130 1021 1258 1098 simplici

91 1124 254 1199 Sophoclis
270 1125 394 1182 ratione.
423 1126 534 1182 Verum
551 1134 604 1192 est,
623 1125 784 1182 Herculem
797 1124 933 1196 consili0,
951 1126 1034 1199 quod
1050 1125 1135 1185 initio
1152 1129 1258 1187 mentis
1307 1109 1308 1112 Ἴ

83 1230 277 1289 alienationis
301 1231 389 1306 cepit,
425 1249 572 1305 nusquam
601 1229 773 1304 discedere;
807 1231 860 1289 sed
884 1231 1086 1306 quodcunque
1118 1234 1179 1309 agit
1208 1245 1258 1293 aut

82 1337 204 1412 patitur,
239 1338 278 1394 ad
301 1334 504 1411 'Eurystheum
538 1337 627 1394 refert
656 1336 834 1397 necandum.
883 1339 921 1394 At
954 1337 984 1393 in
1018 1356 1054 1396 eo
1079 1340 1259 1417 Euripideae

83 1444 210 1500 rationis
242 1443 392 1519 egregiam
425 1461 571 1518 agnosces
604 1443 751 1511 virtutem,
776 1443 856 1517 quod
889 1443 919 1501 in
953 1445 1084 1504 Hercule
1113 1465 1169 1522 pro
1198 1465 1259 1506 una

83 1568 184 1624 eaque
200 1551 321 1608 firmiter
337 1550 430 1608 menti
453 1551 543 1607 infixa
561 1549 705 1624 opinione
729 1550 827 1624 plures
846 1549 990 1625 deinceps
1014 1551 1071 1608 sibi
1095 1554 1259 1612 succedunt

83 1676 183 1715 vanae
208 1657 353 1732 imagines
377 1675 496 1732 prorsus
521 1656 597 1714 inter
622 1674 654 1713 se
678 1655 823 1724 diversae,
841 1674 918 1730 quae
942 1657 1016 1714 mira
1039 1660 1174 1733 profecto
1190 1679 1258 1719 cum

84 1764 259 1822 mobilitate
283 1773 311 1820 et
336 1762 464 1821 existunt
481 1773 509 1819 et
533 1771 722 1819 evanescunt.
772 1762 864 1833 Quod
889 1773 1074 1838 quantopere
1097 1783 1168 1823 vera
1190 1785 1258 1825 cum

84 1870 222 1946 insaniae
247 1869 341 1927 forma
365 1868 524 1925 conveniat
549 1878 577 1924 et
611 1868 649 1925 ad
675 1867 759 1924 huius
792 1867 978 1942 potissimum
1003 1871 1108 1929 furoris
1141 1873 1259 1947 generis

84 1976 219 2051 speciem
236 1975 273 2033 sit
290 1975 562 2042 accommodatum,
579 1992 654 2030 unus
671 1992 707 2031 ex
732 1973 946 2032 recentioribus
963 1976 1069 2034 mentis
1085 1979 1258 2038 morborum

84 2061 314 2156 indagatoribus
339 2081 426 2138 nobis
458 2090 587 2138 testetur.
636 2081 683 2137 W.
710 2079 883 2154 Griesinger
913 2081 942 2139 in
977 2082 1062 2152 libro,
1096 2102 1186 2158 quem
1217 2084 1258 2142 in·

84 2188 218 2263 scripsit:
238 2188 313 2246 »Die
330 2187 504 2261 Pathologie
521 2186 582 2244 und
595 2186 746 2261 'l'herapie
762 2186 816 2244 der
832 2187 1029 2261 psychischen
1042 2190 1257 2250 Krankheiten.

85 2290 309 2375 (Braunschwg,
341 2291 435 2376 1871)
469 2312 519 2368 pg.
558 2295 615 2366 287
644 2293 685 2350 ita
715 2291 833 2350 disserit
856 2293 895 2351 de
918 2294 1025 2351 morbo
1055 2295 1107 2370 qui
1136 2308 1260 2356 vocatur

89 2401 294 2459 »Tobsucht«
311 2420 317 2459 :

200 2507 259 2564 »So
284 2507 363 2565 stellt
387 2506 449 2562 sich
475 2507 517 2562 als
549 2504 599 2563 die
623 2505 894 2578 haupts'a'chlichste
917 2507 1077 2564 Anomalie
1106 2507 1160 2565 des
1184 2510 1258 2566 Vor-

51 2676 55 2685 ,
86 2614 210 2671 stellens
235 2613 264 2669 in
282 2613 335 2671 der
359 2619 576 2687 ausgepragten
592 2611 749 2669 Tobsucht
772 2611 839 2670 eine
854 2613 1093 2671 Verworrenheit
1116 2614 1170 2672 der
1184 2616 1258 2673 Vor-

85 2719 255 2793 stellungen
272 2719 389 2786 heraus,
406 2717 518 2775 welche
542 2717 604 2773 sich
628 2717 671 2773 als
696 2717 886 2791 notwendige
902 2719 995 2793 Folge
1019 2737 1072 2777 aus
1096 2720 1150 2778 der
1164 2709 1258 2779 Uber·

88 2825 191 2899 eilung
215 2826 288 2883 aller
310 2823 451 2898 geistiger
474 2825 635 2888 Processe,
661 2841 713 2880 aus
737 2822 790 2880 der
813 2824 1060 2898 Unmbglichkeit
1084 2825 1166 2884 einer
1187 2827 1258 2884 voll-

86 2932 246 3006 standigen
260 2931 450 3003 Ausbildung
467 2930 521 2988 der
532 2929 685 2988 einzelnen
699 2930 940 3004 Vorstellnngen,
955 2948 1007 2987 aus
1023 2931 1092 2988 dem
1105 2933 1258 2992 schnellen

86 3039 227 3096 Wechsel
251 3038 304 3096 der
328 3037 533 3111 Stimmungen
547 3068 590 3078 -
603 3069 646 3077 —
661 3069 701 3075 —
714 3035 837 3109 ergiebt.
868 3036 978 3094 Wedcr
1004 3037 1071 3107 fixe,
1097 3037 1258 3097 bleibende
1322 3058 1325 3063 ⁴

87 3144 354 3219 Wahnbildungen
387 3143 455 3199 sind
490 3142 592 3199 diesen
624 3142 793 3199 Zustanden
825 3142 923 3216 eigen,
955 3142 1034 3199 noch
1066 3144 1185 3202 werden
1215 3144 1258 3203 sie

85 3251 181 3309 durch
214 3251 262 3307 ein
295 3249 588 3321 leidenschastliches
613 3249 792 3315 Vorstellen,
827 3248 882 3306 das
915 3267 967 3306 aus
1000 3249 1070 3308 dem
1102 3252 1257 3324 gesunden

88 3357 191 3414 Leben
215 3356 524 3431 hertibergenommen
549 3355 658 3422 rvnrde,
685 3355 885 3412 beherrscht.«
915 3388 959 3396 -

195 3462 288 3535 Quod
312 3462 454 3519 iudicium
472 3473 662 3535 accepturum
688 3461 777 3518 luisse
795 3462 1024 3536 Hippocratem,
1040 3479 1076 3519 ex
1098 3463 1144 3520 his
1160 3463 1258 3521 verbis

87 3569 223 3644 suspicer
246 3568 285 3626 ad
309 3569 437 3624 furorem
462 3567 682 3641 spectantibus:
710 3561 760 3646 (de
784 3568 890 3624 morbo
915 3559 1050 3643 sacro.§
1078 3588 1126 3638 14.
1151 3570 1184 3629 L.
1202 3571 1256 3630 VI.

86 3695 136 3751 pg.
163 3677 249 3751 363).
297 3664 424 3755 ἀνάγκη
450 3707 490 3715 —
516 3707 557 3713 ·—
581 3670 661 3754 μήτε
685 3663 748 3755 τήν
777 3669 861 3759 ὄψιν
884 3672 1071 3758 ἀτρεμίζειν
1092 3668 1174 3756 μήτε
1197 3670 1258 3757 τήν

85 3777 190 3863 ἀκοήν
214 3779 285 3843 ἀλλ’
310 3773 425 3841 ἄλλοτε
450 3775 542 3841 ἄλλο·
573 3777 657 3864 ὅρᾷν
687 3787 743 3842 καὶ
773 3777 914 3857 ἀκούειν,
949 3773 1009 3861 τήν
1041 3804 1076 3843 τε
1109 3775 1258 3859 γλῶσσαν

85 3892 225 3951 τοιαῦτα
260 3885 487 3965 dietericum,
521 3880 642 3964 cingis
674 3885 781 3978 βλέπῃ
813 3911 847 3948 ra
881 3891 937 3948 καὶ
965 3884 1065 3980 α’κούῃ
1094 3884 1256 3950 ἑκάστοτε.

86 3996 205 4052 Tamen
230 3992 458 4049 Wilamowitzio
482 3993 566 4066 plura
592 3991 622 4048 in
647 3993 702 4048 hac
726 3991 895 4049 narratione
919 3992 1136 4067 vituperatione
1165 4011 1257 4067 quam

85 4101 179 4158 laude
203 4099 296 4174 digna
320 4098 383 4157 visa
407 4109 483 4155 sunt.
521 4098 602 4155 Dicit
624 4099 700 4156 haec
725 4099 768 4154 vir
783 4098 990 4155 doctissimus:
1014 4093 1067 4178 (cf.
1087 4100 1158 4156 Her.
1183 4109 1256 4158 torn.

87 4207 125 4264 ll.
152 4226 201 4280 pg.
230 4207 319 4286 224.)
357 4224 407 4262 »es
439 4205 476 4261 ist
500 4204 582 4262 nicht
615 4223 649 4260 zu
678 4204 848 4273 bestreiten,
873 4203 943 4262 dass
976 4203 1030 4260 der
1055 4204 1180 4262 Dichter
1207 4205 1257 4264 die

84 4311 357 4371 Anschaulichlreit
374 4311 419 4368 bis
443 4329 495 4367 zur
512 4310 677 4368 Kakozelic
701 4310 853 4385 getrieben
878 4311 937 4366 hat.
980 4309 1036 4366 Die
1061 4309 1170 4367 beiden
1195 4311 1257 4368 Sta·

83 4420 190 4478 tionen
207 4418 261 4476 auf
280 4418 334 4476 der
350 4419 439 4476 Fahrt
456 4417 532 4474 nach
550 4417 699 4492 Mykenae
724 4415 842 4474 werden
866 4415 1038 4484 tachertieh,
1057 4416 1154 4473 zumal
1171 4434 1256 4473 werm

1241 4658 1400 4816 F
