2978 5122
623 255 845 334 ..33-

149 452 315 530 proyeniat.
361 453 456 514 Vides
487 471 607 530 prorsus
640 451 728 512 aliam
759 461 938 528 potestatem
972 450 1022 511 hic
1053 451 1167 512 habere
1198 451 1323 511 dearum

150 579 294 636 personas
318 580 407 636 quarn
441 561 472 619 in
496 559 723 618 Eumenidibus.
772 562 873 633 Quare
904 578 972 617 curn
997 560 1045 616 vix
1068 561 1106 617 sit
1129 560 1218 618 verisi
1241 560 1324 628 mile,

151 665 264 742 duplici
281 668 397 725 ratione
413 667 594 742 Aeschylum
612 685 678 725 esse
701 685 796 736 usum,
813 665 983 724 consenties
1000 684 1090 741 quam
1108 666 1345 742 alienissimam·

151 792 170 830 a
192 783 292 832 mente
316 773 379 845 eius
403 754 468 834 esse
492 772 628 832 Muelleri
653 772 836 848 opinionem.

257 880 397 956 Denique
420 879 596 949 monuerim,
621 889 714 938 totam
740 878 825 936 huius
849 898 957 937 scenae
981 879 1011 936 in
1035 889 1237 954 spectatorum
1264 878 1328 937 ani-

151 985 207 1043 mis
231 986 398 1046 efficaciam
422 986 486 1048 tolli
515 1004 585 1048 vera
608 985 751 1064 Erinyum
783 985 960 1064 praesentia.
1007 985 1088 1044 Dicit
1123 987 1232 1045 chorus
1266 1005 1326 1044 vss.

156 1095 238 1165 1048
263 1111 356 1172 seqq:

367 1212 453 1277 τίνες
477 1220 510 1264 σε
534 1198 640 1276 δόξαι,
664 1198 793 1283 φίλτατ’
817 1194 1011 1283 &veprium
1034 1208 1146 1285 πατρί,

367 1307 574 1392 (repostoriam
598 1309 676 1388 ἴσχε,
701 1301 745 1388 μή
764 1308 868 1388 φοβοῦ
891 1301 991 1370 νικῶν
1014 1303 1108 1371 πολύ·

260 1414 315 1472 Cui
338 1415 500 1490 respondet
524 1416 661 1477 Orestes:

158 1536 240 1596 1050
265 1540 349 1597 seqq.
367 1519 424 1586 oria
448 1524 508 1584 εἰσὶ
531 1518 627 1594 δόξαι
651 1519 756 1584 τῶνδε
780 1518 941 1604 πημάτων
964 1517 1040 1603 ipat

366 1623 477 1710 σαφῶς
498 1624 563 1712 γοὶρ
586 1625 660 1690 αἵδε
682 1623 802 1712 μητρδς
826 1625 949 1707 ἔγκοτοι
974 1626 1074 1703 κύνες.

228 1731 232 1735 ’
262 1752 344 1826 Quid
368 1751 455 1811 verol
481 1752 557 1810 haec
581 1751 673 1810 verba
696 1770 767 1809 num
792 1753 881 1810 ullam
905 1753 1043 1811 habitura
1067 1752 1189 1812 tuissent
1215 1753 1286 1823 vim,
1305 1753 1330 1811 si

155 1860 213 1918 iarn
230 1857 457 1934 conspexissent
473 1868 654 1934 spectatores
671 1857 795 1915 Furias?
835 1858 910 1915 Mihi
926 1876 1027 1917 verum
1044 1869 1151 1934 poetae
1168 1859 1328 1916 consilium

155 1976 307 2025 assecutus
330 1984 396 2024 esse
419 1965 535 2024 videtur
551 1966 589 2022 G.
609 1966 810 2033 HermannuS,
828 1964 985 2023 cumdicit
1007 1958 1059 2038 (cs.
1085 1984 1155 2040 opp.
1181 1974 1255 2022 tom.
1273 1967 1328 2022 VI.

155 2093 205 2148 pg.
235 2071 324 2150 135):
350 2105 393 2114 --
421 2090 471 2142 »es
495 2072 614 2129 werden
648 2071 725 2128 wohl
750 2072 843 2129 Lente
866 2090 965 2146 genug
989 2071 1141 2142 einsehen‚
1175 2071 1245 2128 dass
1276 2072 1331 2129 der

156 2178 244 2237 weise
268 2177 392 2236 Dichter
415 2178 470 2236 das
501 2178 608 2234 hochst
630 2175 779 2251 tragische
804 2177 902 2234 Sehen
936 2178 989 2235 der
1015 2177 1124 2235 Furien
1158 2177 1198 2234 im
1225 2177 1331 2235 Geiste

157 2285 187 2343 in
211 2286 271 2343 den
296 2283 497 2359 Choephoren
522 2284 597 2342 eben
622 2283 725 2341 darum
750 2284 866 2353 erland,
888 2284 982 2343 damit
1006 2284 1059 2342 das
1083 2284 1236 2341 wirkliche
1259 2285 1330 2342 Aus-

157 2401 251 2450 treten
264 2391 294 2448 in
312 2391 371 2448 den
388 2390 576 2449 Eumeniden
592 2389 642 2448 die
657 2390 756 2447 rechte
776 2389 919 2465 Wirkung
931 2390 1163 2466 hervorbringen
1181 2391 1329 2448 konnter.

264 2499 378 2566 Restat,
405 2508 435 2555 ut
459 2507 639 2572 anteaquam
663 2495 702 2554 ad
726 2496 900 2571 Euripidem
932 2506 1127 2566 transeamus,
1152 2515 1229 2571 quae
1253 2497 1331 2554 inter

157 2606 232 2665 duas
256 2603 398 2677 Aeschyli
421 2602 614 2661 describendi
636 2603 767 2661 rationes
791 2602 966 2673 intercedat,
992 2604 1192 2662 enucleemus.

266 2711 366 2784 Atque
389 2709 490 2784 specie
513 2708 633 2784 quidem
658 2708 783 2767 omnino
813 2720 881 2767 sunt
904 2710 1050 2768 diversae.
1097 2710 1203 2768 Acrius
1228 2720 1329 2767 tamen

159 2818 322 2875 intuentem
347 2816 448 2874 fallere
471 2815 584 2890 nequit,
610 2816 742 2890 quadam
766 2827 910 2890 exparte
943 2816 1048 2874 mirum
1074 2817 1105 2873 in
1128 2817 1253 2875 modum
1279 2835 1329 2873 eas

158 2923 329 2982 concinere.
354 2956 398 2968 -
420 2921 550 2979 Instituit
573 2921 653 2979 enim
683 2921 794 2996 ubique
818 2921 859 2979 ita
882 2921 1047 2996 Aeschylus
1078 2921 1175 2980 morbi
1199 2922 1330 2997 descrip-

159 3030 282 3099 tionem,
308 3040 338 3086 ut
362 3047 423 3085 non
447 3028 565 3103 agendo
597 3029 746 3086 elucescat
769 3027 885 3085 insania
908 3047 965 3085 nec
994 3027 1118 3085 omnino
1142 3027 1172 3085 in
1197 3028 1264 3103 ipso
1289 3028 1331 3085 in-

161 3136 297 3194 saniente
321 3135 455 3210 corporis
479 3133 647 3208 mentisque
669 3135 792 3192 affectus
813 3144 993 3210 appareant3
1011 3135 1064 3193 sed
1089 3135 1196 3192 mentis
1213 3154 1332 3210 semper

160 3251 228 3299 sunt
244 3249 399 3315 compotes
416 3242 537 3299 Orestes
561 3251 589 3298 et
603 3242 650 3314 J0.
697 3241 803 3314 Neque
820 3239 986 3314 exceperim
1004 3259 1055 3299 eas
1080 3260 1195 3311 scenas,
1221 3240 1331 3315 quibus

160 3347 245 3406 vanis
268 3346 449 3420 imaginibus
472 3356 626 3404 terrentur.
674 3346 752 3402 Nam
783 3345 873 3403 etiam
905 3345 953 3403 hic
982 3346 1133 3405 concedes
1157 3365 1260 3405 revera
1291 3346 1331 3404 in-

161 3465 274 3528 tegram
298 3470 419 3512 manere
436 3453 543 3511 mentis
567 3452 735 3520 sanitatem,
753 3453 835 3526 quod
859 3452 954 3527 magis
971 3454 1021 3511 fiet
1044 3453 1235 3529 perspicuum
1251 3472 1332 3512 com-

161 3570 266 3635 parata
289 3559 440 3634 Euripidis
464 3559 588 3617 ratione.
636 3558 791 3631 Quaesivit
821 3558 909 3632 igitur
931 3559 1097 3634 Aeschylus
1128 3572 1251 3618 externa
1274 3561 1332 3619 sibi

161 3665 321 3743 praesidia,
339 3665 446 3740 quibus
471 3675 704 3740 repraesentaret
720 3664 877 3722 insaniam.
918 3665 1057 3738 Quorum
1081 3666 1111 3723 in
1136 3668 1232 3725 forma
1249 3668 1333 3728 diffe-

162 3782 229 3830 runt
252 3772 313 3829 duo
337 3770 545 3846 descriptionis
569 3790 688 3846 genera.
735 3774 769 3829 In
793 3770 980 3847 Choephoris
1004 3772 1083 3830 enim
1107 3784 1137 3830 et
1153 3775 1334 3834 Prometheo

162 3878 272 3937 fabulis
296 3877 434 3935 inusitata
455 3877 585 3951 quadam
608 3878 753 3936 orationis
777 3879 872 3935 forma
888 3888 917 3936 et
940 3879 1180 3954 metaphorarum
1203 3882 1335 3941 audacia

163 3985 322 4042 illustratur
344 3982 470 4051 insania,
495 3983 525 4040 in
550 3983 766 4041 Eumenidibus
789 4003 859 4042 vero
884 3984 1026 4058 Erinyum
1049 3985 1184 4044 horribili
1200 3999 1333 4060 caterva,

164 4091 272 4166 quibus
303 4090 381 4147 bene
414 4089 526 4147 habeas
559 4102 747 4165 perspectum
778 4109 839 4147 non
873 4109 923 4147 eas
951 4092 1133 4165 Aeschylum
1163 4092 1334 4169 assignasse

163 4206 272 4271 parteS,
297 4206 327 4252 ut
351 4195 445 4253 divini
468 4195 581 4253 arbitrii
604 4206 709 4270 gerant
732 4215 908 4272 personam,
933 4197 987 4255 sed
1017 4208 1048 4256 ut
1071 4199 1214 4257 naturalis
1239 4201 1333 4259 cuius-

164 4302 234 4362 dam
267 4302 390 4376 eiusque
428 4321 466 4360 ne
507 4303 631 4361 deorum
665 4302 786 4376 quidem
820 4303 964 4360 voluntati
997 4304 1146 4364 obnoxiae
1179 4307 1332 4383 potentiae

164 4419 295 4468 atrocem
319 4409 531 4484 crudelemque
554 4407 613 4465 vim
636 4419 705 4468 ante
728 4409 831 4467 oculos
856 4424 1034 4486 proponant.
