2978 5122
293 444 296 451 ·
344 424 399 478 καὶ
424 413 504 501 πρὸς
529 423 561 475 τί
582 412 788 492 ‹luoto'yanor
813 403 867 474 ὧδ’
891 402 967 506 pltat·
991 420 1089 495 χέρα;
1114 410 1167 482 (vs,
1194 406 1251 481 40)

237 543 358 580 causam
384 523 456 580 dicit
480 523 573 579 hauc:

343 627 426 713 χόλῳ
450 630 632 712 deperdat
657 630 721 689 τῶν
743 625 924 706 Ἀχιλλείων
947 621 1067 686 ὅπλων.

344 734 442 790 Etiam
474 733 676 791 vehementius
710 732 827 789 miranti
853 731 975 806 exponit
1008 730 1118 788 deinde
1149 730 1215 797 (lea,
1251 729 1418 787 consiliunt

237 841 352 914 cepisse
377 841 458 896 illum
484 840 610 912 Argivos
642 838 811 895 trucidandi
846 838 975 911 iamque,
1001 849 1032 894 ut
1056 837 1186 893 efficeret
1210 835 1416 910 propositum,

236 947 371 1020 proxime
395 966 412 1002 a
437 945 604 1020 principum
638 945 765 1001 tentorio
797 944 915 1012 afuisse,
940 962 1007 999 cum
1032 943 1097 1017 ipsa
1121 943 1204 998 vanis
1228 941 1418 1015 imaginibus

236 1052 395 1126 deceptum
433 1052 471 1108 ad
507 1062 707 1108 armentorum
741 1051 865 1108 caedem
904 1049 1027 1107 Aiacem
1069 1048 1234 1106 adduxerit.
1290 1048 1416 1117 Narrat,

236 1158 359 1215 Aiacem
385 1168 483 1214 mente
500 1157 661 1214 alienatum
679 1175 786 1231 magna
804 1157 952 1230 pecudum
977 1165 1073 1229 strage
1098 1156 1175 1211 facta
1200 1154 1310 1211 bestias
1334 1173 1417 1228 quas

236 1264 370 1320 nondum
389 1273 531 1331 caeserat,
550 1263 665 1319 vinctas
690 1262 718 1318 in
738 1262 896 1319 tentorium
922 1261 1054 1318 traxisse.
1102 1261 1146 1317 lbi
1164 1260 1269 1318 adesse
1285 1277 1355 1317 eum
1385 1261 1417 1318 in

236 1369 403 1443 praesenti,
437 1369 669 1442 verberibusque
702 1368 834 1443 pecudes
864 1369 1043 1424 mulcantem
1079 1385 1191 1441 poenas
1225 1366 1281 1423 sibi
1314 1366 1418 1424 videri

237 1485 369 1549 repetere
395 1476 433 1532 ab
458 1475 570 1533 infestis
588 1475 776 1531 Achaeorum
802 1474 995 1548 principibus.
1044 1475 1085 1531 Ut
1101 1483 1198 1530 autem
1216 1473 1312 1546 ipsum
1339 1491 1418 1530 con·

237 1581 343 1655 spiciat
367 1576 486 1638 insania
511 1600 706 1655 oppressum,
732 1581 838 1637 frustra
862 1580 951 1638 Ulixe
982 1580 1135 1637 resistente
1160 1597 1176 1636 e
1200 1579 1329 1636 tentorio
1355 1579 1417 1635 Mi·
1467 1624 1471 1630 .

236 1705 328 1743 nerva
347 1698 434 1744 vocat
451 1687 586 1754 Aiacem,
604 1688 655 1760 qui
671 1687 764 1744 oculis
781 1687 856 1744 deae
881 1705 972 1760 opera
989 1685 1112 1743 deflexis
1137 1686 1231 1742 solam
1252 1685 1418 1759 cognoscit

236 1793 412 1850 Minervam.
461 1794 523 1851 Etsi
548 1794 666 1852 sedatus
691 1793 749 1850 iam
774 1803 818 1850 est
841 1793 946 1848 furoris
970 1792 1106 1865 impetus,
1131 1801 1229 1848 tamen
1254 1791 1283 1846 in
1308 1804 1418 1849 mente

236 1899 328 1955 infixa
352 1901 491 1957 remansit
515 1919 593 1957 vana
617 1900 717 1957 Aiacis
743 1899 862 1973 opini0,
888 1899 971 1971 quod
996 1916 1030 1954 cx
1055 1896 1235 1969 interloquio
1259 1915 1325 1952 eum
1352 1897 1418 1956 dea

203 2059 205 2063 ,
237 2015 375 2062 conserto
401 2016 533 2080 apparet.
584 2005 702 2063 Deinde
726 2005 756 2062 in
787 2004 946 2062 tentorium
972 2004 1047 2060 Aiax
1072 2003 1157 2068 redit,
1183 2014 1213 2059 ut
1237 2013 1342 2076 pergat
1368 2004 1417 2060 in-

236 2129 339 2167 sanum
364 2112 489 2171 facinus.
537 2111 666 2179 Ulixem,
685 2130 773 2184 quem
790 2110 905 2184 cepisse
929 2121 957 2166 et
981 2109 1109 2166 vinxisse
1125 2107 1181 2164 sibi
1206 2108 1331 2174 videtur,
1359 2109 1416 2166 ua-

236 2216 315 2288 gello
340 2217 496 2274 verberare
521 2227 766 2289 cruentatunrque
791 2216 955 2273 interficere
974 2215 1008 2270 ,iu
1034 2214 1135 2271 animo
1158 2214 1257 2270 habet.

343 2339 457 2397 Finitur
490 2342 641 2415 prologus.
690 2339 829 2412 Sequitur
863 2339 945 2396 chori
981 2339 1010 2394 in
1046 2339 1227 2395 orchestram
1262 2337 1414 2398 incessus.

234 2447 333 2518 Atque
351 2446 446 2519 primo
463 2446 584 2518 quidem
609 2447 648 2504 de
664 2445 758 2503 Aiace
774 2444 935 2501 narrationi
959 2445 1049 2500 tidem
1073 2444 1223 2516 derogans
1241 2445 1413 2517 profectum

236 2569 301 2607 esse
337 2550 447 2608 tristem
485 2570 631 2608 rumorem
668 2561 750 2626 putat
785 2551 824 2608 ab
860 2550 1046 2608 inimicorum
1083 2549 1252 2619 calumnia,
1286 2560 1413 2610 auctum

236 2657 477 2713 verohumiliunr
497 2657 617 2715 invidia.
652 2658 812 2715 Stasimum
829 2656 1189 2730 deindecanitprimum.
1223 2657 1414 2715 Persuadere

235 2763 291 2818 sibi
316 2762 414 2820 studet
431 2763 534 2820 iterum
559 2764 735 2838 iterumque,
760 2763 958 2829 nullomodo
983 2762 1045 2819 lieri
1070 2762 1210 2836 potuisse,
1236 2773 1266 2818 ut
1282 2763 1343 2819 tale
1368 2765 1412 2822 sa·

236 2868 319 2926 cinus
352 2869 446 2926 obiret
480 2870 571 2937 Aiax,
604 2871 660 2927 nisi
696 2872 771 2927 forte
795 2871 919 2928 deorum
952 2869 1057 2926 infesta
1089 2879 1188 2925 mente
1222 2869 1338 2926 insania
1372 2872 1412 2928 sit

235 2976 367 3033 aflectus.
415 2977 479 3031 Iam
503 2993 573 3031 vero
603 2975 632 3031 in
657 2994 776 3032 scenam
806 2976 906 3050 prodit
928 2977 1091 3033 Tecmessa
1114 2974 1344 3048 summatimque
1370 2978 1413 3035 de

235 3079 350 3136 insania
361 3079 467 3136 Aiacis
485 3079 593 3136 edocet
609 3080 742 3138 chorum.
777 3081 838 3152 Qui
855 3101 921 3139 cunr
940 3099 998 3138 una
1015 3099 1082 3137 cum
1095 3082 1258 3138 Tecmessa
1274 3082 1411 3140 lamenta

234 3186 406 3258 luctumque
439 3185 574 3251 ediderit,
607 3185 790 3260 colloquium
825 3197 1000 3255 conserunt,
1026 3204 1086 3257 quo
1117 3195 1218 3241 monet
1242 3187 1410 3246 Tecmessa

235 3290 322 3347 etiam
341 3299 456 3347 auctam
476 3308 540 3348 esse
554 3291 655 3348 Aiacis
672 3291 872 3348 calamitatem
888 3291 984 3348 soluta
1001 3290 1131 3362 insania;
1150 3290 1261 3364 quippe
1274 3302 1409 3351 mentem

234 3396 298 3452 eius
317 3397 417 3453 ‘valde
450 3396 574 3454 cruciari
606 3398 673 3455 talis
706 3397 847 3455 facinoris
880 3397 1073 3455 conscientia.
1121 3396 1260 3470 Denique
1284 3416 1411 3458 narrare

235 3500 348 3558 iubenti
373 3502 465 3559 choro
490 3503 667 3561 calamitatis
691 3503 816 3572 initium,
834 3503 1003 3577 composita
1026 3502 1161 3560 oratione
1185 3503 1307 3576 exponit
1330 3505 1410 3562 Tec-

235 3625 342 3675 messa,
360 3607 484 3665 Aiacem
508 3618 670 3688 praeeunte
692 3619 780 3665 nocte
797 3609 884 3666 hasta
907 3619 1051 3666 armatum
1068 3609 1226 3666 tentorium
1251 3607 1411 3682 reliquisse

237 3712 399 3786 paulloque
423 3725 491 3787 post
515 3731 662 3770 reversum
687 3731 787 3771 secum
812 3713 908 3788 egisse

342 3810 489 3900 ταύρους,
516 3812 617 3892 κύνας
639 3819 791 3904 βοτῆρας,
816 3816 954 3901 εὐπτέρων
977 3814 1123 3903 τ’ἄγραν.

343 3923 479 3995 Quorum
502 3923 567 3980 aliis
591 3923 651 3980 alio
682 3924 774 3982 modo
799 3924 893 3981 caesis
925 3925 1004 3982 foras
1028 3943 1095 3981 eurn
1127 3943 1191 3982 esse
1216 3927 1350 4000 elapsum
1377 3941 1409 3988 et

235 4048 303 4086 cum
327 4029 432 4086 umbra
457 4029 556 4103 aliqua
580 4028 637 4085 sibi
670 4028 764 4086 videri
788 4047 854 4088 esse
877 4030 1067 4088 collocutum.
1116 4032 1227 4104 Magna
1255 4050 1320 4087 cum
1346 4033 1408 4090 iac-

234 4135 347 4191 tatione
371 4135 461 4190 verba
485 4135 641 4208 protulisse
665 4145 694 4192 et
724 4147 830 4193 contra
852 4135 973 4193 Atridas
997 4148 1025 4192 et
1053 4137 1082 4193 in
1108 4137 1236 4194 Ulixem.
1285 4138 1409 4197 Deinde

235 4258 315 4311 vero,
341 4249 500 4314 postquam
526 4240 654 4318 redierit,
671 4241 823 4314 paullatim
848 4241 955 4299 mentis
977 4254 1148 4317 compotem
1173 4261 1239 4299 eum
1256 4262 1321 4299 esse
1345 4245 1406 4300 lac-

235 4355 296 4404 tum
313 4345 471 4423 statimque
496 4347 631 4406 insanum
656 4347 815 4423 agnovisse
839 4349 963 4408 facinus.
1012 4351 1175 4409 Restitutus
1192 4350 1222 4410 in
1248 4350 1407 4426 pristinam
