2978 5122
312 1081 591 1185 Sententiae
629 1090 978 1188 controversae.

594 1314 699 1322 ——-·

638 1441 662 1501 Ι.

170 1544 288 1602 Sallust.
313 1545 426 1602 Histor.
452 1556 526 1603 orat.
552 1544 660 1620 Lepidi
683 1546 703 1623 ξ
731 1567 769 1604 20
794 1544 908 1604 codicis
924 1548 961 1603 V.
986 1546 1095 1605 verba:
1124 1564 1233 1621 aquam

53 1661 178 1725 raptum
203 1650 237 1706 iri
261 1651 331 1708 licet
353 1660 383 1708 et
406 1669 494 1725 quam
520 1652 641 1721 audeaS,
666 1662 727 1710 tam
744 1652 837 1710 videri
855 1652 989 1710 felicem«
1012 1653 1055 1709 sic
1071 1651 1130 1726 legi
1145 1652 1232 1710 volo:

59 1774 177 1831 »quum
203 1767 318 1831 raptum
343 1757 384 1815 ire
408 1757 435 1815 ei
458 1757 529 1816 licet
552 1769 591 1827 et,
617 1776 707 1833 quam
731 1759 849 1828 audeat,
881 1768 942 1816 tam
966 1757 1060 1816 videri
1083 1756 1229 1817 felicem«

629 1937 667 1994 II.

121 2071 123 2074 >
171 2041 371 2116 Pe.·Xenoph.
397 2042 435 2101 de
459 2042 573 2117 republ.
591 2043 700 2101 Athen.
724 2064 750 2101 c.
768 2044 805 2102 ΙΙ.
831 2043 851 2119 ξ
880 2063 917 2100 ιο
942 2041 1001 2117 legi
1024 2041 1133 2101 iubeo:
1162 2047 1236 2104 »aul

54 2141 229 2240 γυμνάσια
253 2182 295 2190 -
319 2181 362 2188 -
385 2154 452 2222 τοῖς
475 2151 537 2230 μὲν
561 2147 723 2224 πλουσίοις
746 2145 833 2212 ἔστιν
857 2146 926 2236 ἰδίᾳ
949 2146 1056 2222 ἐνίοις,
1083 2147 1100 2209 ὅ
1124 2144 1160 2210 δὲ
1184 2145 1235 2230 dri·

53 2278 121 2337 μος
145 2248 245 2330 αὐτὸς
268 2251 362 2339 αὐτῷ
385 2253 603 2337 οἰκοδομεῖται
626 2254 833 2341 παλαίστρας
857 2251 990 2329 πολλάς.
1017 2286 1057 2296 -
1083 2286 1126 2297 -
1152 2286 1193 2298 -
1218 2298 1223 2311 .

626 2435 677 2494 ΙΙΙ.

175 2539 341 2597 Aristotelis
366 2540 404 2597 de
428 2557 459 2597 re
482 2538 603 2614 publica
626 2539 852 2599 Atheniensium
883 2539 989 2598 libmm
1024 2557 1118 2614 nuper
1141 2557 1237 2614 reper-

60 2656 129 2705 tum
155 2665 214 2703 non
240 2646 279 2703 ab
304 2646 369 2720 ipso
393 2645 575 2721 philosopho
600 2665 665 2705 esse
688 2646 890 2721 conscriptum
915 2646 1022 2703 iniuria
1038 2648 1086 2704 Fr.
1103 2645 1201 2703 Cauer
1213 2639 1238 2726 1)

60 2751 140 2810 inde
164 2752 325 2824 concludit,
351 2753 433 2826 quod
458 2771 524 2826 cap.
551 2771 602 2823 41.
650 2751 711 2828 (pg.
742 2752 814 2829 106)
838 2752 958 2810 laudare
988 2751 1104 2811 videtur
1134 2761 1239 2809 auctor

60 2858 201 2918 instituta
225 2859 373 2933 quaedam
397 2858 609 2917 democratica.

629 3020 682 3077 IV.

92 3194 96 3202 ἱ
178 3127 277 3184 Αιιοη.
304 3132 378 3209 περὶ
402 3120 509 3213 ὕψους
533 3126 556 3182 Ι.
583 3144 601 3195 4
629 3117 688 3206 (ed.
713 3123 931 3202 Jahn-Vahlen)
955 3124 1132 3200 legendum:
1157 3116 1239 3188 πάν·

63 3258 107 3316 τη
133 3230 172 3294 δέ
192 3255 226 3308 γε
251 3228 308 3295 οὐν
332 3229 486 3313 ἔκπλήξιι
510 3227 568 3294 τοῦ
596 3231 749 3294 πιθανοῦ
781 3239 838 3294 καὶ
868 3235 927 3296 τοῦ
951 3228 1031 3315 πρὸς
1064 3223 1162 3315 χάριν
1186 3217 1239 3292 αἐὶ

65 3351 190 3423 κρατεῖ,
215 3339 248 3399 εἴ
266 3362 302 3416 γε
328 3370 368 3379 -
394 3371 428 3379 —
461 3372 502 3378 -
527 3381 535 3410 ‚
560 3337 665 3396 deletis
690 3356 768 3412 quae
792 3348 860 3413 post
883 3344 997 3419 κρατεῖ
1029 3346 1153 3406 exstant,
1178 3354 1240 3395 ver·

66 3446 119 3505 bis
141 3438 178 3508 ro*
203 3441 401 3525 θαυμάσιον.

637 3608 675 3665 V.

180 3709 428 3787 Hippocraticum
452 3710 491 3769 de
515 3711 621 3769 morbo
644 3732 731 3771 sacro
747 3710 854 3769 librum
871 3709 1002 3785 spurium
1019 3729 1084 3769 esse
1099 3720 1128 3768 et
1144 3719 1240 3784 poste·

68 3819 143 3880 riori
167 3818 376 3877 ascribendum
401 3817 499 3886 aetati,
525 3837 587 3875 non
611 3818 750 3893 probavit
773 3817 923 3875 Ermerins
947 3810 1000 3893 (cf.
1018 3819 1065 3876 Fr.
1083 3816 1172 3874 Zach.
1191 3817 1240 3874 Er·

68 3925 200 3987 merins:
240 3924 333 3999 Hipp.
373 3935 402 3982 et
441 3923 565 3983 aliorum
609 3925 794 3984 medicorum
833 3923 976 3998 reliquiae
1017 3924 1130 3999 proleg.
1169 3941 1240 3996 pgg.

68 4033 190 4093 XXXV
213 4031 312 4108 seqq.)

182 4327 204 4397 ¹)
223 4330 255 4379 cl.
276 4330 317 4378 Fr.
339 4328 434 4380 Cauer:
468 4330 521 4378 Hat
539 4327 686 4377 Aristoteles
712 4326 753 4376 die
772 4325 865 4376 Schrilt
882 4342 941 4376 vern
960 4326 1045 4375 Staate
1069 4323 1114 4374 der.
1131 4322 1244 4373 Athener

70 4420 253 4491 geschriebenl
290 4418 424 4488 (Stuttgart
446 4419 520 4483 1891,
543 4434 586 4483 pg.
607 4419 642 4479 48
661 4415 746 4485 seqq.)

1311 4512 1432 4784 f
