2978 5122
543 107 763 166 ..33-

65 285 122 342 sed
143 285 414 361 appropinquantis
429 286 558 343 demum
582 284 717 344 insaniae
741 285 837 359 prima
861 296 890 344 et
913 286 990 344 levia
1022 285 1156 363 vestigia.
1203 288 1238 344 In

62 391 128 448 hoc
150 400 252 448 tamen
277 390 367 449 mirus
390 398 514 465 apparet
541 389 692 464 utriusque
716 390 926 466 descriptionis
957 409 1130 463 consensus,
1156 391 1239 466 quod

64 497 193 555 Orestes
217 515 338 571 quoque
361 507 393 554 ut
427 515 518 554 sanus
542 498 581 555 de
605 497 739 573 corporis
772 499 939 574 mentisque
971 500 1078 557 morbo
1109 498 1240 573 disputat

60 603 162 678 idque
185 603 290 661 tralata
313 621 381 660 usus
405 603 556 664 oratione:
581 603 747 678 iterumque
769 606 1009 680 metaphorarum
1034 604 1161 663 audacia
1177 613 1240 662 tota

61 709 197 767 efficitur
220 708 431 784 descriptionis
460 709 513 767 vis.
563 709 756 784 Quamquam
781 710 871 784 longe
894 710 1039 785 insignius
1064 710 1150 768 huius
1174 709 1240 768 rati·

58 815 135 873 onis
160 816 330 890 exemplum
353 814 523 874 Promethei
545 833 646 873 versus
670 815 810 873 obferunt
833 833 922 891 supra
945 813 1079 874 tractati!

177 923 366 994 Anteaquam
391 921 430 978 ad
455 921 583 996 reliquas
608 921 857 996 Choephororum
881 932 909 979 et
933 921 1102 980 Promethei
1125 921 1240 991 drama·

55 1038 131 1084 tum
156 1036 254 1102 partes
277 1037 472 1099 transeamus,
498 1027 683 1086 adiunxerim
708 1045 805 1102 pauca
829 1028 867 1086 de
890 1027 1081 1104 imaginihus,
1106 1046 1184 1102 quae
1200 1028 1241 1085 lo-

54 1133 111 1190 cis
136 1133 230 1192 modo
253 1133 385 1192 tractatis
409 1134 498 1192 nobis
522 1144 722 1192 occurrerunt.

178 1241 252 1298 Tres
276 1239 462 1314 potissimum
486 1239 688 1298 obveniehant
712 1239 868 1314 imagines,
916 1242 1016 1314 Atque
1049 1241 1087 1298 de
1119 1238 1155 1296 iis
1179 1239 1241 1314 qui·
1339 1272 1343 1278 ·

56 1346 150 1415 (iem,
176 1363 255 1419 quae
277 1346 316 1404 ad
340 1345 517 1403 curriculum
541 1346 588 1402 vel
604 1345 643 1402 ad
659 1355 751 1403 artem
769 1346 913 1403 musicam
935 1357 1080 1422 spectant,
1097 1344 1241 1421 qnoniam

59 1451 270 1509 Wilamowitz
293 1451 413 1526 egregie
438 1452 570 1526 disputat
593 1452 652 1510 vol.
677 1453 715 1509 Il.
740 1471 790 1526 pg.
811 1468 869 1527 215
890 1471 985 1528 seqq.,
1003 1453 1147 1510 disserere
1162 1470 1242 1510 nunc

59 1557 155 1614 nolo.
204 1558 279 1614 Eam
312 1566 411 1613 tamen
436 1556 654 1631 metaphoram,
679 1556 718 1614 de
742 1576 802 1631 qua
826 1558 875 1616 ille
906 1569 994 1629 tacet,
1020 1578 1038 1616 a
1061 1558 1149 1617 maris
1173 1558 1242 1614 fluc-

58 1662 151 1719 tibus
176 1662 343 1737 repetitam,
368 1680 446 1736 quae
470 1663 608 1720 extremis
632 1664 712 1721 ionis
737 1664 835 1721 verbis
851 1665 961 1733 subest,
979 1664 1123 1739 exemplis
1139 1664 1242 1738 paucis

53 1768 160 1826 liceat
185 1767 339 1828 illustrare.
377 1768 502 1843 Saepius
526 1768 661 1827 insaniae
685 1769 744 1826 vim
768 1788 835 1828 cum
860 1770 1001 1827 fluctuum
1025 1769 1139 1844 impetu
1162 1788 1242 1826 com·

54 1884 178 1950 parant
201 1874 315 1949 tragici.

180 1979 258 2037 Aiax
274 1981 381 2039 mentis
398 2000 524 2057 compos
540 1982 635 2039 sactus
653 1983 692 2040 de
708 1981 847 2057 pristrino
860 1991 936 2039 statu
948 1981 1021 2058 dicit
1033 2001 1091 2043 vss.
1106 1976 1243 2058 351l522

233 2085 352 2148 ἴδεσθέ
372 2087 405 2168 μ’
429 2083 497 2149 οἷον
520 2082 597 2172 ἄρτι
621 2090 708 2170 κῦμα
733 2098 862 2170 φοινίας
883 2079 951 2150 rimi
978 2086 1074 2170 ζάλης

234 2191 439 2278 οἷμφίόρομον
461 2192 634 2257 κυκλεῖται.

179 2301 217 2358 G.
242 2301 436 2358 Hernrannus
459 2301 517 2358 hac
550 2302 726 2377 metaphora
759 2320 893 2360 cruorem
926 2300 1051 2377 intelligi
1080 2301 1151 2370 vult,
1185 2320 1244 2377 qua

55 2406 273 2464 circumdatus
297 2407 399 2465 sedeat
423 2405 511 2465 Aiax.
558 2408 655 2465 Vertit
678 2407 785 2482 igitur:
814 2407 940 2476 »videte
966 2407 1073 2483 quibus
1102 2425 1150 2465 me
1173 2408 1243 2465 fluc-

50 2513 149 2570 tibus
171 2511 264 2569 modo
287 2522 425 2570 cruentus
450 2522 548 2570 aestus
572 2513 829 2574 circumdederit«
870 2513 1071 2597 Transtulisse
1086 2513 1159 2571 dicit
1176 2523 1244 2588 poe-

51 2627 143 2688 tam,
170 2636 237 2675 cum
263 2618 369 2675 tinctus
392 2618 516 2677 deberet
539 2629 677 2678 emeritos
701 2619 812 2690 dicere,
836 2620 895 2676 hoc
919 2620 959 2677 ad
982 2620 1120 2678 furorem.

180 2723 249 2781 Non
286 2723 434 2782 consentit
467 2743 534 2782 cum
567 2727 744 2783 Hermanno
776 2725 906 2793 Ellendt,
940 2724 992 2799 qui
1024 2725 1063 2782 ad
1095 2725 1244 2800 pecudum

52 2848 208 2888 cruorem
225 2847 286 2886 non
311 2829 372 2887 vult
389 2829 490 2888 reserri
514 2849 618 2889 vocem
643 2840 764 2912 φοίνιος
785 2831 822 2887 cf.
840 2831 897 2889 lex.
915 2831 1008 2906 Soph.
1025 2849 1048 2890 s.
1066 2850 1094 2890 v.
1111 2839 1242 2916 φοίνιος.
1334 2895 1338 2907 ,

182 2937 248 3010 Ego
272 2953 342 2992 vero
366 2934 462 2993 neutri
486 2935 651 2994 sententiae
675 2936 765 3011 plane
789 2955 853 2994 sum
879 2936 1038 3011 addictus3
1062 2954 1245 3011 quamquam

52 3041 240 3101 Hermanni
265 3042 357 3099 multo
381 3041 478 3099 minus
502 3042 574 3099 mihi
598 3042 727 3100 arridere
750 3044 853 3103 fateor.
894 3042 1000 3117 Neque
1016 3042 1095 3100 enim
1120 3054 1189 3117 apte
1205 3042 1245 3111 ad

54 3158 274 3208 armentorum
300 3166 434 3206 cruorem
452 3149 603 3206 transferri
621 3149 694 3207 mihi
709 3149 826 3208 videtur
842 3149 984 3207 fluctuum
1001 3159 1107 3207 aestus.
1148 3151 1245 3208 Immo

54 3255 184 3313 usitata
207 3253 336 3328 imagine
361 3273 379 3310 a
402 3254 476 3311 inari
500 3266 618 3331 sumpta
641 3255 802 3314 illustratur
824 3255 904 3313 haud
927 3255 1020 3313 dubie
1043 3254 1169 3325 insania,
1186 3272 1246 3330 qua

57 3361 168 3420 niodo
192 3370 345 3436 correptus
368 3360 422 3437 sirit
445 3360 532 3419 Aiax.
579 3363 686 3436 Neque
716 3372 815 3420 tamen
848 3380 967 3436 prorsus
1002 3379 1070 3418 cum
1094 3361 1246 3420 Ellendtio

56 3467 174 3540 facio;
199 3466 252 3524 sed
278 3466 319 3524 ita
342 3466 571 3541 disceptaverim
602 3467 678 3526 inter
696 3469 868 3542 'utrumque
902 3467 1102 3542 interpretem,
1134 3478 1166 3526 ut
1188 3487 1246 3526 vox

57 3581 198 3652 φοίνιος
221 3573 328 3629 tralato
353 3590 441 3629 sensu
467 3572 506 3630 ad
530 3572 671 3630 fluctuum
696 3582 810 3632 aestum
834 3573 989 3648 pertineat,
1014 3572 1121 3630 eadem
1145 3582 1244 3645 tamen

57 3677 195 3753 proprie
219 3687 343 3752 accepta
366 3676 481 3734 alludat
504 3678 669 3752 Sophocles
694 3679 733 3736 ad
756 3688 909 3736 cruentam
934 3678 1083 3754 pecudum
1107 3689 1244 3754 stragem.

183 3785 326 3858 Spectant
349 3801 439 3858 porro
475 3784 532 3840 huc
556 3783 689 3842 eiusdem
725 3785 845 3843 fabulae
881 3802 982 3843 versus
1020 3778 1098 3858 216!
1104 3801 1150 3860 17.
1199 3787 1246 3845 De

64 3890 171 3949 Aiace
194 3891 357 3948 Tecmessa
380 3888 472 3953 dicitz

632 3999 721 4076 Αἴας
744 3996 874 4087 θολερῷ

438 4107 545 4168 κεῖται
568 4101 703 4188 χειμῶνι
727 4102 874 4189 νοσήσας.

184 4226 283 4306 Quam
303 4231 508 4307 metaphoram
526 4230 566 4289 ad
585 4227 810 4308 intelligendam
826 4229 897 4292 satis
912 4240 957 4292 est
972 4229 1152 4306 meminisse,
1169 4249 1248 4311 quae
