2978 5122
636 260 835 319 ..6.-

151 451 290 515 Herculis
316 450 434 513 insania
456 462 598 523 versatur,
624 453 766 514 dramatis
790 466 904 532 partem
929 456 1031 515 tallere
1054 453 1166 532 nequit,
1192 473 1258 514 non
1285 474 1333 514 so·

149 566 210 622 lum
236 564 309 622 duas
334 563 386 620 sed
412 573 469 620 tres
494 562 600 619 suroris
625 563 841 637 descriptiones
866 562 904 620 ab
923 562 1066 637 Euripide
1082 582 1147 620 esse
1164 563 1332 632 institutas

151 688 275 744 quarum
302 669 397 744 prima
422 669 555 727 versibus
581 671 766 744 814-865,
783 669 916 728 versibus
942 671 1092 743 866-98
1118 670 1221 737 altera,
1239 669 1335 727 tertia
1362 667 1367 675 ’

150 776 281 849 denique
306 775 401 833 nuntii
425 776 594 833 continetur
617 776 796 834 narratione.
844 777 908 833 Nec
932 794 1002 834 vero
1026 795 1063 833 eo
1096 785 1210 833 tantum
1244 775 1335 834 diffe-

150 893 226 950 runt,
251 882 333 956 quod
357 882 423 950 hac,
454 881 551 955 qualis
585 881 622 937 sit
654 882 776 950 suturuS,
812 881 872 949 illa,
908 881 1062 954 quomodo
1094 891 1209 956 agatur,
1246 884 1336 940 furor

150 988 336 1058 describitur,
361 987 446 1045 tertia
469 1005 550 1055 ver0,
569 987 665 1061 qualis
691 987 785 1058 luerit,
811 988 863 1045 sed
889 1005 949 1044 uno
973 988 1078 1044 obtutu
1102 988 1335 1063 cognoscimus,

151 1095 303 1170 proprium
327 1094 490 1168 unicuique
514 1113 579 1152 esse
603 1095 744 1153 colorem.
792 1095 870 1151 Nam
895 1113 963 1151 cum
982 1096 1075 1168 Lyssa
1099 1104 1128 1151 et
1151 1094 1207 1152 Iris
1232 1095 1337 1153 brevi-

151 1213 195 1259 ter
211 1221 264 1276 pro
283 1202 407 1259 deorum
424 1200 580 1258 sanctitate
596 1199 795 1257 vaticinentur
810 1201 932 1258 furentis
950 1200 1089 1257 Herculis
1105 1202 1239 1270 affectus,
1258 1202 1337 1258 cho·

151 1325 209 1376 ruS,
226 1307 299 1382 quid
316 1307 443 1364 sentiant
460 1306 596 1364 homines
613 1306 643 1363 in
667 1317 748 1365 tanta
764 1307 853 1364 amici
876 1306 1055 1376 calamitate,
1073 1307 1165 1381 lyrico
1191 1308 1337 1366 carmine

150 1413 250 1470 vivide
273 1413 427 1489 exprinrit;
454 1412 573 1470 nuntius
598 1431 668 1470 vero
686 1413 779 1487 epica
804 1413 919 1472 ratione
944 1425 1113 1471 accuratam
1138 1413 1210 1470 facti
1230 1433 1336 1472 narra·

152 1520 264 1577 tionem
289 1518 421 1577 instituit.
470 1519 588 1592 Quibus
614 1518 644 1575 in
668 1519 919 1594 descriptionibus
943 1538 1001 1576 una
1018 1519 1094 1577 inter
1110 1538 1141 1576 se
1158 1522 1337 1594 argumenti

152 1626 370 1683 communitate
393 1625 478 1683 nexis
503 1625 634 1700 prudens
658 1633 765 1699 poetae
789 1623 947 1681 consilium
970 1624 1073 1682 nescio
1102 1644 1139 1681 an
1173 1637 1337 1700 appareat,

153 1732 204 1807 qui
231 1732 358 1790 eandem
383 1750 445 1789 rem
468 1730 549 1788 varie
573 1729 774 1788 describendo
796 1730 995 1805 explicaverit,
1015 1730 1055 1788 ita
1080 1741 1111 1787 ut
1134 1732 1273 1790 conferre
1303 1734 1337 1790 li-

153 1848 229 1908 ceat,
255 1839 337 1913 quod
361 1838 399 1896 de
424 1838 561 1894 Athenae
585 1827 827 1911 Tecmessaeque
850 1836 947 1893 verbis
972 1836 1172 1895 disseruimus.

259 1963 396 2038 Singulas
421 1972 519 2019 autem
544 1961 679 2018 insaniae
703 1960 921 2035 descriptiones
945 1978 1012 2017 cum
1034 1961 1157 2018 diversis
1174 1962 1337 2022 coloribus

154 2068 322 2127 distinxerit
346 2067 514 2143 Euripides,
540 2067 636 2124 noluit
659 2085 710 2124 eas
735 2068 773 2124 ad
798 2065 928 2124 veritatis
953 2086 1086 2124 nonnam
1104 2067 1232 2142 exigere.
1272 2071 1337 2128 Ini-

153 2176 227 2233 tium
252 2175 332 2232 enim
356 2173 490 2231 insaniae
507 2175 620 2247 Lyssae
643 2173 734 2231 verba
758 2173 928 2248 significant
950 2192 1050 2230 versus
1076 2177 1148 2248 859.
1196 2176 1336 2234 Primum

156 2282 263 2339 domus
288 2282 436 2355 fragorem
460 2279 543 2337 audit
566 2280 674 2336 chorus
708 2299 750 2339 vs.
777 2283 859 2355 8803
894 2299 982 2354 quam
1016 2292 1201 2338 corruentem
1237 2282 1336 2352 videt,

156 2406 223 2444 cum
248 2387 341 2445 verba
364 2387 493 2463 profert:

477 2491 532 2569 (vs.
558 2493 635 2569 895)
680 2491 759 2566 ἰδού,
784 2491 864 2565 ἰδού,
892 2493 1019 2556 duella

468 2609 544 2660 σείει
569 2597 664 2680 δῶμα
690 2617 781 2680 συμπ
804 2610 891 2661 [neat
915 2607 1019 2681 στέγη.

266 2705 431 2780 Statimque
463 2706 548 2764 adest
580 2706 609 2762 in
644 2723 735 2762 scena
765 2706 894 2763 nuntius.
944 2707 1026 2779 Quot
1054 2726 1101 2764 res
1133 2707 1211 2763 intra
1243 2707 1339 2768 breve

157 2813 300 2888 temporis
334 2812 481 2886 spatium,
517 2813 600 2869 chori
634 2812 766 2870 carmine
799 2811 1064 2888 circumscriptum,
1090 2809 1180 2870 viditl
1230 2813 1337 2886 Quam

159 2921 281 2994 longam
307 2917 432 2975 instituit
455 2917 631 2975 calamitatis
656 2917 820 2975 secundum
845 2918 927 2975 chori
953 2920 1072 2975 carmen
1090 2918 1244 2976 celerrime
1270 2939 1337 2994 per-

158 3035 243 3083 actae
275 3024 496 3083 narrationem!
545 3023 669 3082 Obicies
703 3025 837 3095 fortasse,
862 3024 891 3081 in
916 3025 974 3081 hoc
998 3024 1063 3099 ipso
1087 3024 1227 3081 eximium
1264 3045 1337 3100 poe-

160 3143 207 3190 tae
231 3129 373 3187 indicium
397 3129 488 3199 cerni,
509 3129 560 3203 qui
584 3130 743 3189 servaverit
767 3131 807 3188 ita
832 3130 936 3187 iustam
960 3130 1036 3188 inter
1060 3130 1180 3204 lyricam
1203 3131 1336 3205 epicam-

158 3256 216 3312 que
240 3237 472 3312 descriptionem
496 3236 653 3296 rationem.
695 3234 818 3295 Fateorl
867 3239 936 3294 Hoc
961 3256 1030 3295 vero
1054 3237 1101 3293 vix
1125 3237 1252 3312 negabis
1271 3240 1336 3297 nul-

156 3345 186 3399 lo
211 3354 299 3417 pacto
319 3342 386 3403 ,lieri
411 3343 551 3418 potuisse,
569 3353 600 3400 ut
624 3344 743 3401 nuntius
767 3363 828 3400 non
845 3345 942 3401 solum
966 3363 1011 3413 ea,
1035 3362 1112 3418 qtrae
1137 3353 1205 3418 post
1221 3344 1335 3402 domus

158 3448 273 3506 ruinam
298 3447 478 3517 acciderent,
505 3448 596 3523 ipsius
621 3449 715 3505 oculis
739 3448 854 3507 videret
878 3450 931 3508 sed
955 3449 1044 3507 etiarn
1069 3450 1230 3506 Herculem
1265 3451 1334 3508 dor·

158 3555 298 3612 mientern
332 3573 392 3612 nna
425 3573 491 3611 cum
516 3555 734 3629 Amphitryone
767 3555 933 3629 ceterisque
966 3559 1057 3614 servis
1090 3556 1129 3614 ad
1157 3555 1333 3614 columnam

157 3661 307 3735 alligaret:
355 3661 466 3735 quippe
497 3660 546 3734 qni
582 3661 610 3717 in
643 3680 765 3719 scenam
797 3663 938 3736 prodiret,
971 3661 1040 3719 ilico
1070 3661 1122 3718 ubi
1155 3675 1333 3720 corruerunt

158 3765 267 3828 aedes!

264 3871 437 3946 Euripidem
462 3891 522 3928 non
547 3891 664 3947 semper
687 3873 758 3930 satis
783 3874 957 3931 observasse
981 3875 1155 3932 continuum
1183 3877 1332 3949 temporis

157 3997 336 4047 successum,
371 3978 455 4053 plura
488 3978 607 4035 tabulae
640 3978 702 4035 eius
736 3979 873 4036 obsenrnt
905 3981 1051 4054 exempla.
1100 3982 1192 4053 Quod
1224 3991 1332 4041 tamen

158 4085 284 4160 amplius
308 4085 446 4159 persequi
470 4104 550 4142 nunc
575 4086 655 4143 nolo,
705 4088 829 4144 Monere
853 4086 923 4144 satis
946 4086 1055 4158 habeo,
1081 4105 1141 4143 non
1174 4087 1272 4144 solum
1300 4090 1331 4147 in

158 4191 253 4248 nuntii
276 4191 496 4249 narrationibus
520 4193 674 4266 neglectae
698 4193 800 4268 paullo
824 4192 967 4268 temporis
992 4192 1098 4249 rationi
1131 4211 1196 4250 eum
1230 4193 1329 4252 indul·

158 4296 247 4366 sisse,
282 4298 363 4371 quod
398 4297 593 4357 Wilamowitz
626 4300 665 4356 ad
697 4310 829 4357 nostrum
863 4301 962 4358 locum
996 4299 1129 4357 adnotat.
1177 4300 1215 4356 cf.
1242 4310 1261 4356 t.
1290 4304 1327 4359 II.

158 4423 206 4482 pg.
236 4420 294 4481 215
321 4406 340 4464 l.
365 4407 383 4463 l.
432 4409 518 4465 Certe
544 4404 615 4461 mihi
639 4405 767 4480 exempli
791 4406 886 4479 gratia
920 4406 1000 4463 idern
1034 4424 1175 4480 peccasse
1208 4407 1329 4465 videtu'r
