<?xml version="1.0" encoding="UTF-8"?>
<!DOCTYPE html PUBLIC "-//W3C//DTD XHTML 1.0 Transitional//EN"
    "http://www.w3.org/TR/xhtml1/DTD/xhtml1-transitional.dtd">
<html xmlns="http://www.w3.org/1999/xhtml" xml:lang="en" lang="en">
 <head>
  <title>
</title>
<meta http-equiv="Content-Type" content="text/html;charset=utf-8" />
  <meta name='ocr-system' content='tesseract 3.04.00' />
  <meta name='ocr-capabilities' content='ocr_page ocr_carea ocr_par ocr_line ocrx_word'/>
</head>
<body>
  <div class='ocr_page' id='page_1' title='image "./tragicigraeciqu00harrgoog_0034.png"; bbox 0 0 2978 5122; ppageno 0'>
   <div class='ocr_carea' id='block_1_1' title="bbox 586 289 806 356">
    <p class='ocr_par' dir='ltr' id='par_1_1' title="bbox 586 289 806 356">
     <span class='ocr_line' id='line_1_1' title="bbox 586 289 806 356; baseline -0.009 -30"><span class='ocrx_word' id='word_1_1' title='bbox 586 289 713 356; x_wconf 48' lang='grc' dir='ltr'><strong>μὴ</strong></span> <span class='ocrx_word' id='word_1_2' title='bbox 766 310 806 325; x_wconf 56' lang='lat' dir='ltr'><strong>..m</strong></span> 
     </span>
    </p>
   </div>
   <div class='ocr_carea' id='block_1_2' title="bbox 19 473 1299 3234">
    <p class='ocr_par' dir='ltr' id='par_1_2' title="bbox 19 473 1299 1175">
     <span class='ocr_line' id='line_1_2' title="bbox 19 473 1279 554; baseline 0.003 -20"><span class='ocrx_word' id='word_1_3' title='bbox 19 519 20 522; x_wconf 63' lang='lat'>,</span> <span class='ocrx_word' id='word_1_4' title='bbox 103 492 173 534; x_wconf 86' lang='lat' dir='ltr'><strong>rum</strong></span> <span class='ocrx_word' id='word_1_5' title='bbox 198 473 348 535; x_wconf 80' lang='lat' dir='ltr'>incitatior</span> <span class='ocrx_word' id='word_1_6' title='bbox 370 494 518 536; x_wconf 88' lang='lat' dir='ltr'><strong>numerus.</strong></span> <span class='ocrx_word' id='word_1_7' title='bbox 565 475 739 536; x_wconf 86' lang='lat' dir='ltr'><strong>Primariam</strong></span> <span class='ocrx_word' id='word_1_8' title='bbox 762 496 833 536; x_wconf 90' lang='lat' dir='ltr'><strong>vero</strong></span> <span class='ocrx_word' id='word_1_9' title='bbox 857 476 1067 554; x_wconf 83' lang='lat' dir='ltr'><strong>descriptionis</strong></span> <span class='ocrx_word' id='word_1_10' title='bbox 1090 477 1150 537; x_wconf 92' lang='lat' dir='ltr'><strong>vim</strong></span> <span class='ocrx_word' id='word_1_11' title='bbox 1167 478 1198 536; x_wconf 91' lang='lat' dir='ltr'><strong>in</strong></span> <span class='ocrx_word' id='word_1_12' title='bbox 1215 496 1279 538; x_wconf 89' lang='lat' dir='ltr'><strong>ora·</strong></span> 
     </span>
     <span class='ocr_line' id='line_1_3' title="bbox 105 581 1279 662; baseline 0.005 -24"><span class='ocrx_word' id='word_1_13' title='bbox 105 581 192 639; x_wconf 89' lang='lat' dir='ltr'><strong>tione</strong></span> <span class='ocrx_word' id='word_1_14' title='bbox 220 583 320 658; x_wconf 86' lang='lat' dir='ltr'><strong>posuit</strong></span> <span class='ocrx_word' id='word_1_15' title='bbox 343 585 519 658; x_wconf 87' lang='lat' dir='ltr'><strong>Aeschylus.</strong></span> <span class='ocrx_word' id='word_1_16' title='bbox 567 583 695 641; x_wconf 67' lang='lat' dir='ltr'><strong>Inatituit</strong></span> <span class='ocrx_word' id='word_1_17' title='bbox 724 595 821 642; x_wconf 88' lang='lat' dir='ltr'><strong>autem</strong></span> <span class='ocrx_word' id='word_1_18' title='bbox 848 604 908 643; x_wconf 90' lang='lat' dir='ltr'><strong>rem</strong></span> <span class='ocrx_word' id='word_1_19' title='bbox 933 586 982 653; x_wconf 82' lang='lat' dir='ltr'><strong>ita,</strong></span> <span class='ocrx_word' id='word_1_20' title='bbox 1010 597 1040 644; x_wconf 90' lang='lat' dir='ltr'><strong>ut</strong></span> <span class='ocrx_word' id='word_1_21' title='bbox 1063 597 1131 662; x_wconf 90' lang='lat' dir='ltr'><strong>post</strong></span> <span class='ocrx_word' id='word_1_22' title='bbox 1154 587 1279 645; x_wconf 87' lang='lat' dir='ltr'><strong>eiulatus</strong></span> 
     </span>
     <span class='ocr_line' id='line_1_4' title="bbox 104 686 1299 768; baseline 0.005 -24"><span class='ocrx_word' id='word_1_23' title='bbox 104 708 185 746; x_wconf 92' lang='lat' dir='ltr'><strong>voce</strong></span> <span class='ocrx_word' id='word_1_24' title='bbox 209 686 319 754; x_wconf 78' lang='grc' dir='ltr'><strong><em>ι’λελιῦ</em></strong></span> <span class='ocrx_word' id='word_1_25' title='bbox 342 690 479 765; x_wconf 89' lang='lat' dir='ltr'><strong>depictos</strong></span> <span class='ocrx_word' id='word_1_26' title='bbox 503 691 599 766; x_wconf 91' lang='lat' dir='ltr'><strong>primo</strong></span> <span class='ocrx_word' id='word_1_27' title='bbox 624 690 746 764; x_wconf 90' lang='lat' dir='ltr'><strong>quidem</strong></span> <span class='ocrx_word' id='word_1_28' title='bbox 764 691 829 766; x_wconf 89' lang='lat' dir='ltr'><strong>ipsa</strong></span> <span class='ocrx_word' id='word_1_29' title='bbox 846 694 879 749; x_wconf 93' lang='lat' dir='ltr'><strong>lo</strong></span> <span class='ocrx_word' id='word_1_30' title='bbox 901 693 1048 762; x_wconf 87' lang='lat' dir='ltr'>morbum,</span> <span class='ocrx_word' id='word_1_31' title='bbox 1066 712 1127 767; x_wconf 88' lang='lat' dir='ltr'><strong>quo</strong></span> <span class='ocrx_word' id='word_1_32' title='bbox 1144 703 1280 768; x_wconf 89' lang='lat' dir='ltr'><strong>correpta</strong></span> <span class='ocrx_word' id='word_1_33' title='bbox 1296 731 1299 735; x_wconf 90' lang='lat'>-</span> 
     </span>
     <span class='ocr_line' id='line_1_5' title="bbox 106 795 1280 873; baseline 0.003 -20"><span class='ocrx_word' id='word_1_34' title='bbox 106 805 164 863; x_wconf 89' lang='lat' dir='ltr'><strong>est,</strong></span> <span class='ocrx_word' id='word_1_35' title='bbox 190 795 310 870; x_wconf 88' lang='lat' dir='ltr'><strong>propria</strong></span> <span class='ocrx_word' id='word_1_36' title='bbox 335 796 514 866; x_wconf 80' lang='lat' dir='ltr'><strong>elocutione,</strong></span> <span class='ocrx_word' id='word_1_37' title='bbox 539 815 616 870; x_wconf 91' lang='lat' dir='ltr'><strong>quae</strong></span> <span class='ocrx_word' id='word_1_38' title='bbox 641 806 741 854; x_wconf 88' lang='lat' dir='ltr'><strong>tamen</strong></span> <span class='ocrx_word' id='word_1_39' title='bbox 766 798 896 855; x_wconf 82' lang='lat' dir='ltr'><strong>audaces</strong></span> <span class='ocrx_word' id='word_1_40' title='bbox 931 798 1146 873; x_wconf 86' lang='lat' dir='ltr'><strong>inusitatasque</strong></span> <span class='ocrx_word' id='word_1_41' title='bbox 1177 799 1280 857; x_wconf 92' lang='lat' dir='ltr'><strong>locuti-</strong></span> 
     </span>
     <span class='ocr_line' id='line_1_6' title="bbox 107 900 1280 983; baseline 0.003 -25"><span class='ocrx_word' id='word_1_42' title='bbox 107 921 184 959; x_wconf 92' lang='lat' dir='ltr'><strong>ones</strong></span> <span class='ocrx_word' id='word_1_43' title='bbox 209 903 334 972; x_wconf 86' lang='lat' dir='ltr'><strong>obierat,</strong></span> <span class='ocrx_word' id='word_1_44' title='bbox 360 900 510 961; x_wconf 84' lang='lat' dir='ltr'><strong>describat</strong></span> <span class='ocrx_word' id='word_1_45' title='bbox 534 904 586 979; x_wconf 81' lang='lat' dir='ltr'><strong>(ci.</strong></span> <span class='ocrx_word' id='word_1_46' title='bbox 611 922 667 960; x_wconf 81' lang='lat' dir='ltr'><strong>vss</strong></span> <span class='ocrx_word' id='word_1_47' title='bbox 695 905 872 983; x_wconf 74' lang='lat'><strong>876-78),</strong></span> <span class='ocrx_word' id='word_1_48' title='bbox 907 904 1017 962; x_wconf 90' lang='lat' dir='ltr'><strong>deinde</strong></span> <span class='ocrx_word' id='word_1_49' title='bbox 1050 924 1121 963; x_wconf 90' lang='lat' dir='ltr'><strong>vero</strong></span> <span class='ocrx_word' id='word_1_50' title='bbox 1145 906 1184 963; x_wconf 91' lang='lat' dir='ltr'><strong>ad</strong></span> <span class='ocrx_word' id='word_1_51' title='bbox 1209 909 1280 982; x_wconf 87' lang='lat' dir='ltr'><strong>figu-</strong></span> 
     </span>
     <span class='ocr_line' id='line_1_7' title="bbox 107 1009 1280 1087; baseline 0.002 -21"><span class='ocrx_word' id='word_1_52' title='bbox 107 1018 204 1067; x_wconf 86' lang='lat' dir='ltr'><strong>ratam</strong></span> <span class='ocrx_word' id='word_1_53' title='bbox 229 1009 333 1068; x_wconf 84' lang='lat' dir='ltr'><strong>transit</strong></span> <span class='ocrx_word' id='word_1_54' title='bbox 357 1009 534 1080; x_wconf 88' lang='lat' dir='ltr'><strong>orationem,</strong></span> <span class='ocrx_word' id='word_1_55' title='bbox 560 1030 619 1085; x_wconf 91' lang='lat' dir='ltr'><strong>qua</strong></span> <span class='ocrx_word' id='word_1_56' title='bbox 642 1009 772 1086; x_wconf 86' lang='lat' dir='ltr'><strong>singulas</strong></span> <span class='ocrx_word' id='word_1_57' title='bbox 797 1011 940 1087; x_wconf 89' lang='lat' dir='ltr'><strong>deinceps</strong></span> <span class='ocrx_word' id='word_1_58' title='bbox 957 1011 1089 1069; x_wconf 90' lang='lat' dir='ltr'><strong>insaniae</strong></span> <span class='ocrx_word' id='word_1_59' title='bbox 1106 1012 1280 1070; x_wconf 84' lang='lat' dir='ltr'><strong>affectiones</strong></span> 
     </span>
     <span class='ocr_line' id='line_1_8' title="bbox 107 1116 243 1175; baseline 0.022 -3"><span class='ocrx_word' id='word_1_60' title='bbox 107 1116 243 1175; x_wconf 90' lang='lat' dir='ltr'><strong>illustrat.</strong></span> 
     </span>
    </p>

    <p class='ocr_par' dir='ltr' id='par_1_3' title="bbox 248 1222 800 1298">
     <span class='ocr_line' id='line_1_9' title="bbox 248 1222 800 1298; baseline 0 -18"><span class='ocrx_word' id='word_1_61' title='bbox 248 1243 265 1280; x_wconf 88' lang='lat' dir='ltr'><strong>e</strong></span> <span class='ocrx_word' id='word_1_62' title='bbox 288 1222 387 1280; x_wconf 91' lang='lat' dir='ltr'><strong>cordis</strong></span> <span class='ocrx_word' id='word_1_63' title='bbox 411 1223 578 1281; x_wconf 88' lang='lat' dir='ltr'><strong>vehementi</strong></span> <span class='ocrx_word' id='word_1_64' title='bbox 603 1223 689 1298; x_wconf 92' lang='lat' dir='ltr'><strong>pulsu</strong></span> <span class='ocrx_word' id='word_1_65' title='bbox 712 1223 800 1281; x_wconf 90' lang='lat' dir='ltr'><strong>dicit:</strong></span> 
     </span>
    </p>

    <p class='ocr_par' dir='ltr' id='par_1_4' title="bbox 400 1327 991 1416">
     <span class='ocr_line' id='line_1_10' title="bbox 400 1327 991 1416; baseline 0.002 -25"><span class='ocrx_word' id='word_1_66' title='bbox 400 1328 520 1414; x_wconf 80' lang='grc' dir='ltr'><strong><em>κραδία</em></strong></span> <span class='ocrx_word' id='word_1_67' title='bbox 545 1328 580 1393; x_wconf 81' lang='grc' dir='ltr'><strong>δὲ</strong></span> <span class='ocrx_word' id='word_1_68' title='bbox 604 1327 696 1416; x_wconf 74' lang='grc' dir='ltr'><strong>φόβῳ</strong></span> <span class='ocrx_word' id='word_1_69' title='bbox 720 1338 822 1413; x_wconf 78' lang='grc' dir='ltr'><strong><em>φρένα</em></strong></span> <span class='ocrx_word' id='word_1_70' title='bbox 848 1329 991 1405; x_wconf 76' lang='grc' dir='ltr'><strong><em>λακτίζει</em></strong></span> 
     </span>
    </p>

    <p class='ocr_par' dir='ltr' id='par_1_5' title="bbox 213 1436 1052 1630">
     <span class='ocr_line' id='line_1_11' title="bbox 213 1436 487 1496; baseline 0.011 -4"><span class='ocrx_word' id='word_1_71' title='bbox 213 1436 329 1494; x_wconf 88' lang='lat' dir='ltr'><strong>ulorum</strong></span> <span class='ocrx_word' id='word_1_72' title='bbox 354 1437 487 1496; x_wconf 84' lang='lat' dir='ltr'><strong>motione</strong></span> 
     </span>
     <span class='ocr_line' id='line_1_12' title="bbox 399 1528 1052 1630; baseline 0.005 -25"><span class='ocrx_word' id='word_1_73' title='bbox 399 1543 631 1630; x_wconf 80' lang='grc' dir='ltr'><strong><em>τροχοδινεῖται</em></strong></span> <span class='ocrx_word' id='word_1_74' title='bbox 656 1544 682 1608; x_wconf 89' lang='grc' dir='ltr'><strong>δ’</strong></span> <span class='ocrx_word' id='word_1_75' title='bbox 706 1539 837 1626; x_wconf 71' lang='grc' dir='ltr'><strong><em>ὄμμαθ’</em></strong></span> <span class='ocrx_word' id='word_1_76' title='bbox 862 1539 994 1626; x_wconf 76' lang='grc' dir='ltr'><em>ἑλίγδην</em></span> <span class='ocrx_word' id='word_1_77' title='bbox 1050 1528 1052 1532; x_wconf 15' lang='lat'>⁸</span> 
     </span>
    </p>

    <p class='ocr_par' dir='ltr' id='par_1_6' title="bbox 219 1651 701 1726">
     <span class='ocr_line' id='line_1_13' title="bbox 219 1651 701 1726; baseline 0.006 -20"><span class='ocrx_word' id='word_1_78' title='bbox 219 1669 238 1706; x_wconf 93' lang='lat' dir='ltr'><strong>o</strong></span> <span class='ocrx_word' id='word_1_79' title='bbox 261 1651 368 1708; x_wconf 91' lang='lat' dir='ltr'><strong>mentis</strong></span> <span class='ocrx_word' id='word_1_80' title='bbox 392 1652 586 1726; x_wconf 88' lang='lat' dir='ltr'><strong>corporisque</strong></span> <span class='ocrx_word' id='word_1_81' title='bbox 610 1662 701 1710; x_wconf 87' lang='lat' dir='ltr'><strong>statu:</strong></span> 
     </span>
    </p>

    <p class='ocr_par' dir='ltr' id='par_1_7' title="bbox 401 1753 971 1951">
     <span class='ocr_line' id='line_1_14' title="bbox 401 1753 971 1841; baseline 0.004 -23"><span class='ocrx_word' id='word_1_82' title='bbox 401 1753 464 1831; x_wconf 64' lang='grc' dir='ltr'><strong>ἔξω</strong></span> <span class='ocrx_word' id='word_1_83' title='bbox 490 1756 524 1821; x_wconf 80' lang='grc' dir='ltr'><strong>δὲ</strong></span> <span class='ocrx_word' id='word_1_84' title='bbox 550 1754 669 1841; x_wconf 79' lang='grc' dir='ltr'><strong><em>δρόμου</em></strong></span> <span class='ocrx_word' id='word_1_85' title='bbox 693 1766 833 1839; x_wconf 75' lang='grc' dir='ltr'><strong><em>φέρομαι</em></strong></span> <span class='ocrx_word' id='word_1_86' title='bbox 858 1755 971 1840; x_wconf 78' lang='grc' dir='ltr'><strong><em>λύσσης</em></strong></span> 
     </span>
     <span class='ocr_line' id='line_1_15' title="bbox 401 1863 768 1951; baseline 0 -24"><span class='ocrx_word' id='word_1_87' title='bbox 401 1863 565 1947; x_wconf 73' lang='grc' dir='ltr'><strong><em>πνιύματι</em></strong></span> <span class='ocrx_word' id='word_1_88' title='bbox 587 1863 700 1951; x_wconf 78' lang='grc' dir='ltr'><strong><em>μάργῳ</em></strong></span> <span class='ocrx_word' id='word_1_89' title='bbox 724 1900 768 1906; x_wconf 92' lang='grc'>-</span> 
     </span>
    </p>

    <p class='ocr_par' dir='ltr' id='par_1_8' title="bbox 188 1970 795 2031">
     <span class='ocr_line' id='line_1_16' title="bbox 188 1970 795 2031; baseline 0.005 -3"><span class='ocrx_word' id='word_1_90' title='bbox 188 2010 191 2015; x_wconf 88' lang='lat'><em>·</em></span> <span class='ocrx_word' id='word_1_91' title='bbox 219 1970 287 2028; x_wconf 84' lang='lat' dir='ltr'><strong>Exit</strong></span> <span class='ocrx_word' id='word_1_92' title='bbox 310 1971 392 2028; x_wconf 91' lang='lat' dir='ltr'><strong>lonis</strong></span> <span class='ocrx_word' id='word_1_93' title='bbox 416 1971 512 2030; x_wconf 89' lang='lat' dir='ltr'><strong>oratio</strong></span> <span class='ocrx_word' id='word_1_94' title='bbox 536 1972 566 2029; x_wconf 92' lang='lat' dir='ltr'><strong>in</strong></span> <span class='ocrx_word' id='word_1_95' title='bbox 590 1973 664 2031; x_wconf 90' lang='lat' dir='ltr'><strong>haec</strong></span> <span class='ocrx_word' id='word_1_96' title='bbox 688 1974 795 2031; x_wconf 88' lang='lat' dir='ltr'><strong>verba:</strong></span> 
     </span>
    </p>

    <p class='ocr_par' dir='ltr' id='par_1_9' title="bbox 114 2070 983 2365">
     <span class='ocr_line' id='line_1_17' title="bbox 148 2077 963 2173; baseline 0.006 -36"><span class='ocrx_word' id='word_1_97' title='bbox 148 2082 203 2139; x_wconf 61' lang='lat' dir='ltr'><strong>{ti-</strong></span> <span class='ocrx_word' id='word_1_98' title='bbox 403 2078 538 2163; x_wconf 71' lang='grc' dir='ltr'><strong><em>θολεροί</em></strong></span> <span class='ocrx_word' id='word_1_99' title='bbox 559 2078 596 2142; x_wconf 80' lang='grc' dir='ltr'><strong>δὲ</strong></span> <span class='ocrx_word' id='word_1_100' title='bbox 618 2077 707 2158; x_wconf 80' lang='grc' dir='ltr'><strong><em>λόγοι</em></strong></span> <span class='ocrx_word' id='word_1_101' title='bbox 731 2082 866 2142; x_wconf 81' lang='grc' dir='ltr'><strong><em>παίονσ’</em></strong></span> <span class='ocrx_word' id='word_1_102' title='bbox 892 2081 963 2173; x_wconf 73' lang='grc' dir='ltr'><strong>εἰκῇ</strong></span> 
     </span>
     <span class='ocr_line' id='line_1_18' title="bbox 404 2179 983 2271; baseline -0.007 -25"><span class='ocrx_word' id='word_1_103' title='bbox 404 2185 539 2266; x_wconf 80' lang='grc' dir='ltr'><strong><em>στυγνῆς</em></strong></span> <span class='ocrx_word' id='word_1_104' title='bbox 563 2183 644 2271; x_wconf 78' lang='grc' dir='ltr'><strong><em>πρὸς</em></strong></span> <span class='ocrx_word' id='word_1_105' title='bbox 666 2184 809 2267; x_wconf 82' lang='grc' dir='ltr'><strong><em>κύμασιν</em></strong></span> <span class='ocrx_word' id='word_1_106' title='bbox 833 2179 920 2266; x_wconf 82' lang='grc' dir='ltr'><strong><em>δι’της.</em></strong></span> <span class='ocrx_word' id='word_1_107' title='bbox 981 2238 983 2242; x_wconf 91' lang='grc'>.</span> 
     </span>
     <span class='ocr_line' id='line_1_19' title="bbox 114 2290 970 2365; baseline 0.006 -18"><span class='ocrx_word' id='word_1_108' title='bbox 114 2291 162 2348; x_wconf 93' lang='lat' dir='ltr'><strong>De</strong></span> <span class='ocrx_word' id='word_1_109' title='bbox 185 2290 292 2365; x_wconf 89' lang='lat' dir='ltr'><strong>quibus</strong></span> <span class='ocrx_word' id='word_1_110' title='bbox 313 2291 447 2349; x_wconf 88' lang='lat' dir='ltr'><strong>versibus</strong></span> <span class='ocrx_word' id='word_1_111' title='bbox 470 2291 551 2351; x_wconf 88' lang='lat' dir='ltr'><strong>varie</strong></span> <span class='ocrx_word' id='word_1_112' title='bbox 574 2291 778 2351; x_wconf 88' lang='lat' dir='ltr'><strong>iudicaverunt</strong></span> <span class='ocrx_word' id='word_1_113' title='bbox 801 2293 855 2350; x_wconf 90' lang='lat' dir='ltr'><strong>viri</strong></span> <span class='ocrx_word' id='word_1_114' title='bbox 879 2292 970 2352; x_wconf 89' lang='lat' dir='ltr'><strong>docti.</strong></span> 
     </span>
    </p>

    <p class='ocr_par' dir='ltr' id='par_1_10' title="bbox 104 2416 1287 3234">
     <span class='ocr_line' id='line_1_20' title="bbox 222 2416 1284 2495; baseline -0.004 -20"><span class='ocrx_word' id='word_1_115' title='bbox 222 2418 301 2476; x_wconf 90' lang='lat' dir='ltr'><strong>God.</strong></span> <span class='ocrx_word' id='word_1_116' title='bbox 328 2420 483 2475; x_wconf 86' lang='lat' dir='ltr'><strong>Hermann</strong></span> <span class='ocrx_word' id='word_1_117' title='bbox 509 2416 568 2492; x_wconf 89' lang='lat' dir='ltr'><strong>(ed.</strong></span> <span class='ocrx_word' id='word_1_118' title='bbox 594 2427 667 2474; x_wconf 90' lang='lat' dir='ltr'><strong>tom.</strong></span> <span class='ocrx_word' id='word_1_119' title='bbox 693 2418 730 2486; x_wconf 82' lang='grc' dir='ltr'><strong>ΙΙ,</strong></span> <span class='ocrx_word' id='word_1_120' title='bbox 755 2437 804 2492; x_wconf 86' lang='lat' dir='ltr'><strong>pg.</strong></span> <span class='ocrx_word' id='word_1_121' title='bbox 835 2419 908 2495; x_wconf 79' lang='lat'>134)</span> <span class='ocrx_word' id='word_1_122' title='bbox 932 2417 1072 2474; x_wconf 89' lang='lat' dir='ltr'><strong>adnotat:</strong></span> <span class='ocrx_word' id='word_1_123' title='bbox 1107 2417 1172 2472; x_wconf 81' lang='lat' dir='ltr'><strong>Hoc</strong></span> <span class='ocrx_word' id='word_1_124' title='bbox 1190 2416 1284 2485; x_wconf 80' lang='lat' dir='ltr'><strong>-dicr&#39;t‚·</strong></span> 
     </span>
     <span class='ocr_line' id='line_1_21' title="bbox 106 2523 1280 2600; baseline -0.003 -19"><span class='ocrx_word' id='word_1_125' title='bbox 106 2525 277 2600; x_wconf 81' lang='lat' dir='ltr'><strong>perturbata</strong></span> <span class='ocrx_word' id='word_1_126' title='bbox 308 2525 379 2580; x_wconf 84' lang='lat' dir='ltr'><strong>dicta</strong></span> <span class='ocrx_word' id='word_1_127' title='bbox 404 2543 465 2580; x_wconf 82' lang='lat' dir='ltr'><strong>mea</strong></span> <span class='ocrx_word' id='word_1_128' title='bbox 496 2524 647 2580; x_wconf 79' lang='lat' dir='ltr'><strong>illiduntur</strong></span> <span class='ocrx_word' id='word_1_129' title='bbox 679 2526 719 2594; x_wconf 79' lang='lat' dir='ltr'><strong>(la</strong></span> <span class='ocrx_word' id='word_1_130' title='bbox 744 2543 766 2580; x_wconf 83' lang='lat' dir='ltr'><strong>e.</strong></span> <span class='ocrx_word' id='word_1_131' title='bbox 791 2525 944 2592; x_wconf 80' lang='lat' dir='ltr'><strong>luctantur)</strong></span> <span class='ocrx_word' id='word_1_132' title='bbox 978 2524 1038 2580; x_wconf 80' lang='lat' dir='ltr'><strong>diri</strong></span> <span class='ocrx_word' id='word_1_133' title='bbox 1059 2523 1194 2598; x_wconf 67' lang='lat' dir='ltr'><strong>fluctibus</strong></span> <span class='ocrx_word' id='word_1_134' title='bbox 1208 2523 1280 2596; x_wconf 79' lang='lat' dir='ltr'><strong>foti.</strong></span> 
     </span>
     <span class='ocr_line' id='line_1_22' title="bbox 114 2629 1287 2705; baseline -0.003 -16"><span class='ocrx_word' id='word_1_135' title='bbox 114 2631 240 2689; x_wconf 84' lang='lat' dir='ltr'><strong>Schuetz</strong></span> <span class='ocrx_word' id='word_1_136' title='bbox 274 2630 315 2688; x_wconf 87' lang='lat' dir='ltr'><strong>ita</strong></span> <span class='ocrx_word' id='word_1_137' title='bbox 347 2629 450 2690; x_wconf 89' lang='lat' dir='ltr'><strong>vertit:</strong></span> <span class='ocrx_word' id='word_1_138' title='bbox 487 2638 531 2686; x_wconf 79' lang='lat' dir='ltr'><strong>»et</strong></span> <span class='ocrx_word' id='word_1_139' title='bbox 559 2631 644 2686; x_wconf 78' lang='lat' dir='ltr'><strong>verbu</strong></span> <span class='ocrx_word' id='word_1_140' title='bbox 670 2631 840 2705; x_wconf 72' lang='lat' dir='ltr'><strong>perturbato</strong></span> <span class='ocrx_word' id='word_1_141' title='bbox 873 2630 1042 2704; x_wconf 70' lang='lat' dir='ltr'><strong>cansamque</strong></span> <span class='ocrx_word' id='word_1_142' title='bbox 1073 2631 1212 2686; x_wconf 82' lang='lat' dir='ltr'><strong>incussum</strong></span> <span class='ocrx_word' id='word_1_143' title='bbox 1245 2630 1287 2685; x_wconf 86' lang='lat' dir='ltr'><strong>ad</strong></span> 
     </span>
     <span class='ocr_line' id='line_1_23' title="bbox 104 2735 1282 2812; baseline -0.002 -18"><span class='ocrx_word' id='word_1_144' title='bbox 104 2739 214 2812; x_wconf 78' lang='lat' dir='ltr'><strong>fluctus</strong></span> <span class='ocrx_word' id='word_1_145' title='bbox 235 2740 349 2795; x_wconf 81' lang='lat' dir='ltr'><strong>acerbae</strong></span> <span class='ocrx_word' id='word_1_146' title='bbox 371 2739 540 2794; x_wconf 77' lang='lat' dir='ltr'><strong>calamitatz&#39;s</strong></span> <span class='ocrx_word' id='word_1_147' title='bbox 562 2738 683 2804; x_wconf 79' lang='lat' dir='ltr'><strong>illidunt,</strong></span> <span class='ocrx_word' id='word_1_148' title='bbox 719 2735 830 2810; x_wconf 81' lang='lat' dir='ltr'><strong>(Meine</strong></span> <span class='ocrx_word' id='word_1_149' title='bbox 863 2737 1074 2811; x_wconf 82' lang='lat' dir='ltr'><strong>gebrochenen</strong></span> <span class='ocrx_word' id='word_1_150' title='bbox 1101 2737 1200 2793; x_wconf 88' lang='lat' dir='ltr'><strong>Worte</strong></span> <span class='ocrx_word' id='word_1_151' title='bbox 1224 2754 1282 2793; x_wconf 89' lang='lat' dir='ltr'><strong>zer·</strong></span> 
     </span>
     <span class='ocr_line' id='line_1_24' title="bbox 114 2842 1278 2924; baseline -0.006 -23"><span class='ocrx_word' id='word_1_152' title='bbox 114 2845 257 2920; x_wconf 84' lang='lat' dir='ltr'><strong>schlagen</strong></span> <span class='ocrx_word' id='word_1_153' title='bbox 280 2844 342 2901; x_wconf 93' lang='lat' dir='ltr'><strong>sich</strong></span> <span class='ocrx_word' id='word_1_154' title='bbox 368 2854 503 2900; x_wconf 91' lang='lat' dir='ltr'><strong>umsonst</strong></span> <span class='ocrx_word' id='word_1_155' title='bbox 527 2863 565 2900; x_wconf 87' lang='lat' dir='ltr'><strong>an</strong></span> <span class='ocrx_word' id='word_1_156' title='bbox 589 2845 648 2902; x_wconf 92' lang='lat' dir='ltr'><strong>den</strong></span> <span class='ocrx_word' id='word_1_157' title='bbox 674 2844 789 2901; x_wconf 91' lang='lat' dir='ltr'><strong>Wellen</strong></span> <span class='ocrx_word' id='word_1_158' title='bbox 814 2843 867 2900; x_wconf 91' lang='lat' dir='ltr'><strong>des</strong></span> <span class='ocrx_word' id='word_1_159' title='bbox 891 2861 1019 2916; x_wconf 88' lang='lat' dir='ltr'><strong>grausen</strong></span> <span class='ocrx_word' id='word_1_160' title='bbox 1043 2842 1278 2924; x_wconf 85' lang='lat' dir='ltr'><strong>Verderbens).«</strong></span> 
     </span>
     <span class='ocr_line' id='line_1_25' title="bbox 115 2949 1284 3025; baseline -0.003 -17"><span class='ocrx_word' id='word_1_161' title='bbox 115 2951 259 3024; x_wconf 82' lang='lat' dir='ltr'><strong>additque</strong></span> <span class='ocrx_word' id='word_1_162' title='bbox 298 2949 469 3025; x_wconf 88' lang='lat' dir='ltr'><strong>explicandi</strong></span> <span class='ocrx_word' id='word_1_163' title='bbox 504 2967 609 3007; x_wconf 88' lang='lat' dir='ltr'><strong>causa:</strong></span> <span class='ocrx_word' id='word_1_164' title='bbox 654 2950 828 3024; x_wconf 59' lang='lat' dir='ltr'><strong>»Significaa</strong></span> <span class='ocrx_word' id='word_1_165' title='bbox 864 2950 1008 3023; x_wconf 81' lang='lat' dir='ltr'><strong>querelas,</strong></span> <span class='ocrx_word' id='word_1_166' title='bbox 1045 2967 1118 3022; x_wconf 74' lang='grc' dir='ltr'><strong><em>ιμιοι</em></strong></span> <span class='ocrx_word' id='word_1_167' title='bbox 1152 2951 1203 3005; x_wconf 76' lang='grc' dir='ltr'><strong>οἰκ</strong></span> <span class='ocrx_word' id='word_1_168' title='bbox 1238 2968 1284 3005; x_wconf 84' lang='lat' dir='ltr'><strong>ore</strong></span> 
     </span>
     <span class='ocr_line' id='line_1_26' title="bbox 105 3055 1283 3132; baseline -0.002 -18"><span class='ocrx_word' id='word_1_169' title='bbox 105 3059 241 3132; x_wconf 72' lang='lat' dir='ltr'><strong>proflrre</strong></span> <span class='ocrx_word' id='word_1_170' title='bbox 273 3057 376 3125; x_wconf 66' lang='lat' dir='ltr'><strong>aalma,</strong></span> <span class='ocrx_word' id='word_1_171' title='bbox 410 3057 485 3113; x_wconf 74' lang='lat' dir='ltr'><strong>nillil</strong></span> <span class='ocrx_word' id='word_1_172' title='bbox 514 3056 650 3113; x_wconf 73' lang='lat' dir='ltr'><strong>aduersus</strong></span> <span class='ocrx_word' id='word_1_173' title='bbox 674 3058 865 3112; x_wconf 67' lang='lat' dir='ltr'><strong>‘calamitatem</strong></span> <span class='ocrx_word' id='word_1_174' title='bbox 889 3057 1032 3131; x_wconf 78' lang='lat' dir='ltr'><strong>proficere.</strong></span> <span class='ocrx_word' id='word_1_175' title='bbox 1081 3055 1203 3113; x_wconf 88' lang='lat' dir='ltr'><strong>Weilius</strong></span> <span class='ocrx_word' id='word_1_176' title='bbox 1234 3074 1283 3112; x_wconf 90' lang='lat' dir='ltr'><strong>au·</strong></span> 
     </span>
     <span class='ocr_line' id='line_1_27' title="bbox 114 3162 1283 3234; baseline -0.002 -14"><span class='ocrx_word' id='word_1_177' title='bbox 114 3174 175 3221; x_wconf 88' lang='lat' dir='ltr'><strong>tem</strong></span> <span class='ocrx_word' id='word_1_178' title='bbox 199 3163 242 3220; x_wconf 90' lang='lat' dir='ltr'><strong>sic</strong></span> <span class='ocrx_word' id='word_1_179' title='bbox 273 3172 387 3221; x_wconf 90' lang='lat' dir='ltr'><strong>vertere</strong></span> <span class='ocrx_word' id='word_1_180' title='bbox 418 3162 539 3220; x_wconf 86' lang='lat' dir='ltr'><strong>maluit:</strong></span> <span class='ocrx_word' id='word_1_181' title='bbox 576 3163 706 3218; x_wconf 77' lang='grc' dir='ltr'><strong><em>»ίιιιίὶιίο</em></strong></span> <span class='ocrx_word' id='word_1_182' title='bbox 736 3163 808 3218; x_wconf 81' lang='lat' dir='ltr'><strong>dictu</strong></span> <span class='ocrx_word' id='word_1_183' title='bbox 832 3169 978 3234; x_wconf 68' lang='lat' dir='ltr'><strong>vagantur</strong></span> <span class='ocrx_word' id='word_1_184' title='bbox 1006 3164 1080 3219; x_wconf 83' lang='lat' dir='ltr'><strong>iuter</strong></span> <span class='ocrx_word' id='word_1_185' title='bbox 1100 3164 1177 3219; x_wconf 78' lang='lat' dir='ltr'><strong>rlr&#39;ror</strong></span> <span class='ocrx_word' id='word_1_186' title='bbox 1199 3162 1283 3218; x_wconf 85' lang='grc' dir='ltr'><strong><em>ιιιαίι-</em></strong></span> 
     </span>
    </p>
   </div>
   <div class='ocr_carea' id='block_1_3' title="bbox 113 3264 1283 3362">
    <p class='ocr_par' dir='ltr' id='par_1_11' title="bbox 113 3264 1283 3362">
     <span class='ocr_line' id='line_1_28' title="bbox 113 3264 1283 3362; baseline 0.004 -36"><span class='ocrx_word' id='word_1_187' title='bbox 113 3289 180 3326; x_wconf 85' lang='lat' dir='ltr'><strong>rum</strong></span> <span class='ocrx_word' id='word_1_188' title='bbox 204 3270 338 3344; x_wconf 60' lang='grc' dir='ltr'><strong><em>βαίνοι</em></strong></span> <span class='ocrx_word' id='word_1_189' title='bbox 389 3269 472 3326; x_wconf 91' lang='lat' dir='ltr'><strong>ldem</strong></span> <span class='ocrx_word' id='word_1_190' title='bbox 506 3268 585 3326; x_wconf 87' lang='lat' dir='ltr'><strong>enim</strong></span> <span class='ocrx_word' id='word_1_191' title='bbox 617 3287 682 3326; x_wconf 90' lang='lat' dir='ltr'><strong>esse</strong></span> <span class='ocrx_word' id='word_1_192' title='bbox 712 3267 784 3326; x_wconf 92' lang='lat' dir='ltr'><strong>dicit</strong></span> <span class='ocrx_word' id='word_1_193' title='bbox 808 3271 941 3330; x_wconf 80' lang='grc' dir='ltr'><strong><em>παίονσ’</em></strong></span> <span class='ocrx_word' id='word_1_194' title='bbox 965 3264 1034 3362; x_wconf 76' lang='grc' dir='ltr'><strong>ιίκῇ</strong></span> <span class='ocrx_word' id='word_1_195' title='bbox 1067 3279 1155 3343; x_wconf 88' lang='lat' dir='ltr'><strong>atque</strong></span> <span class='ocrx_word' id='word_1_196' title='bbox 1179 3292 1283 3352; x_wconf 81' lang='grc' dir='ltr'><strong><em>παρα-</em></strong></span> 
     </span>
    </p>
   </div>
   <div class='ocr_carea' id='block_1_4' title="bbox 48 3375 1287 4516">
    <p class='ocr_par' dir='ltr' id='par_1_12' title="bbox 48 3375 1287 4516">
     <span class='ocr_line' id='line_1_29' title="bbox 116 3375 1284 3450; baseline -0.005 -12"><span class='ocrx_word' id='word_1_197' title='bbox 116 3385 262 3449; x_wconf 83' lang='grc' dir='ltr'><strong><em>παίουσι,</em></strong></span> <span class='ocrx_word' id='word_1_198' title='bbox 288 3375 381 3435; x_wconf 92' lang='lat' dir='ltr'><strong>modo</strong></span> <span class='ocrx_word' id='word_1_199' title='bbox 404 3375 583 3450; x_wconf 88' lang='lat' dir='ltr'><strong>primitivam</strong></span> <span class='ocrx_word' id='word_1_200' title='bbox 608 3375 676 3432; x_wconf 85' lang='lat' dir='ltr'><strong>huic</strong></span> <span class='ocrx_word' id='word_1_201' title='bbox 700 3376 792 3432; x_wconf 89' lang='lat' dir='ltr'><strong>verbo</strong></span> <span class='ocrx_word' id='word_1_202' title='bbox 816 3375 874 3430; x_wconf 88' lang='lat' dir='ltr'><strong>vim</strong></span> <span class='ocrx_word' id='word_1_203' title='bbox 899 3394 1007 3432; x_wconf 81' lang='lat' dir='ltr'><strong>serves,</strong></span> <span class='ocrx_word' id='word_1_204' title='bbox 1028 3377 1191 3450; x_wconf 83' lang='lat' dir='ltr'><strong>—Longe</strong></span> <span class='ocrx_word' id='word_1_205' title='bbox 1214 3394 1284 3432; x_wconf 90' lang='lat' dir='ltr'><strong>vero</strong></span> 
     </span>
     <span class='ocr_line' id='line_1_30' title="bbox 114 3480 1285 3557; baseline 0 -19"><span class='ocrx_word' id='word_1_206' title='bbox 114 3480 202 3539; x_wconf 89' lang='lat' dir='ltr'><strong>aliter</strong></span> <span class='ocrx_word' id='word_1_207' title='bbox 224 3483 430 3557; x_wconf 89' lang='lat' dir='ltr'><strong>metaphoram</strong></span> <span class='ocrx_word' id='word_1_208' title='bbox 455 3481 579 3554; x_wconf 82' lang='lat' dir='ltr'><strong>intelligi</strong></span> <span class='ocrx_word' id='word_1_209' title='bbox 603 3482 663 3538; x_wconf 86' lang='lat' dir='ltr'><strong>vult</strong></span> <span class='ocrx_word' id='word_1_210' title='bbox 687 3480 897 3548; x_wconf 78' lang='lat' dir='ltr'><strong>WeckleininS,</strong></span> <span class='ocrx_word' id='word_1_211' title='bbox 922 3481 973 3553; x_wconf 87' lang='lat' dir='ltr'><strong>qui</strong></span> <span class='ocrx_word' id='word_1_212' title='bbox 1005 3481 1034 3538; x_wconf 92' lang='lat' dir='ltr'><strong>in</strong></span> <span class='ocrx_word' id='word_1_213' title='bbox 1058 3481 1169 3550; x_wconf 89' lang='lat' dir='ltr'><strong>libello,</strong></span> <span class='ocrx_word' id='word_1_214' title='bbox 1195 3500 1285 3555; x_wconf 90' lang='lat' dir='ltr'><strong>quem</strong></span> 
     </span>
     <span class='ocr_line' id='line_1_31' title="bbox 48 3581 1285 3664; baseline -0.002 -17"><span class='ocrx_word' id='word_1_215' title='bbox 48 3640 53 3647; x_wconf 93' lang='lat'><em>.</em></span> <span class='ocrx_word' id='word_1_216' title='bbox 114 3587 280 3664; x_wconf 91' lang='lat' dir='ltr'><strong>inscripsit:</strong></span> <span class='ocrx_word' id='word_1_217' title='bbox 322 3588 462 3646; x_wconf 76' lang='lat' dir='ltr'><strong>»Studien</strong></span> <span class='ocrx_word' id='word_1_218' title='bbox 498 3606 533 3644; x_wconf 88' lang='lat' dir='ltr'><strong>zu</strong></span> <span class='ocrx_word' id='word_1_219' title='bbox 558 3588 741 3661; x_wconf 85' lang='lat' dir='ltr'><strong>Aeschylus«</strong></span> <span class='ocrx_word' id='word_1_220' title='bbox 778 3586 889 3661; x_wconf 87' lang='lat' dir='ltr'><strong>(Berlin</strong></span> <span class='ocrx_word' id='word_1_221' title='bbox 919 3587 1013 3663; x_wconf 80' lang='lat'>1872)</span> <span class='ocrx_word' id='word_1_222' title='bbox 1037 3607 1106 3662; x_wconf 84' lang='lat' dir='ltr'><strong>pgg.</strong></span> <span class='ocrx_word' id='word_1_223' title='bbox 1134 3581 1199 3661; x_wconf 70' lang='lat' dir='ltr'><strong>Sip.</strong></span> <span class='ocrx_word' id='word_1_224' title='bbox 1247 3587 1285 3644; x_wconf 89' lang='lat' dir='ltr'><strong>de</strong></span> 
     </span>
     <span class='ocr_line' id='line_1_32' title="bbox 115 3693 1286 3752; baseline -0.001 0"><span class='ocrx_word' id='word_1_225' title='bbox 115 3694 163 3752; x_wconf 91' lang='lat' dir='ltr'><strong>his</strong></span> <span class='ocrx_word' id='word_1_226' title='bbox 188 3694 321 3752; x_wconf 88' lang='lat' dir='ltr'><strong>versibus</strong></span> <span class='ocrx_word' id='word_1_227' title='bbox 346 3695 386 3752; x_wconf 90' lang='lat' dir='ltr'><strong>ita</strong></span> <span class='ocrx_word' id='word_1_228' title='bbox 410 3693 545 3752; x_wconf 87' lang='lat' dir='ltr'><strong>disserit:</strong></span> <span class='ocrx_word' id='word_1_229' title='bbox 589 3696 679 3751; x_wconf 67' lang='lat' dir='ltr'><strong>&gt;Man</strong></span> <span class='ocrx_word' id='word_1_230' title='bbox 704 3693 776 3750; x_wconf 92' lang='lat' dir='ltr'><strong>wird</strong></span> <span class='ocrx_word' id='word_1_231' title='bbox 801 3694 858 3751; x_wconf 88' lang='lat' dir='ltr'><strong>den</strong></span> <span class='ocrx_word' id='word_1_232' title='bbox 885 3694 1054 3751; x_wconf 82' lang='lat' dir='ltr'><strong>Gedanken</strong></span> <span class='ocrx_word' id='word_1_233' title='bbox 1078 3694 1131 3751; x_wconf 89' lang='lat' dir='ltr'><strong>des</strong></span> <span class='ocrx_word' id='word_1_234' title='bbox 1147 3693 1286 3751; x_wconf 90' lang='lat' dir='ltr'><strong>Dichters</strong></span> 
     </span>
     <span class='ocr_line' id='line_1_33' title="bbox 113 3799 1284 3874; baseline -0.003 -15"><span class='ocrx_word' id='word_1_235' title='bbox 113 3810 177 3860; x_wconf 87' lang='lat' dir='ltr'><strong>erst</strong></span> <span class='ocrx_word' id='word_1_236' title='bbox 198 3802 280 3859; x_wconf 88' lang='lat' dir='ltr'><strong>dann</strong></span> <span class='ocrx_word' id='word_1_237' title='bbox 304 3801 410 3874; x_wconf 80' lang='lat' dir='ltr'><strong>richtig</strong></span> <span class='ocrx_word' id='word_1_238' title='bbox 433 3801 574 3868; x_wconf 84' lang='lat' dir='ltr'><strong>erfassen‚</strong></span> <span class='ocrx_word' id='word_1_239' title='bbox 600 3818 685 3856; x_wconf 86' lang='lat' dir='ltr'><strong>wenn</strong></span> <span class='ocrx_word' id='word_1_240' title='bbox 711 3819 781 3856; x_wconf 87' lang='lat' dir='ltr'><strong>man</strong></span> <span class='ocrx_word' id='word_1_241' title='bbox 814 3799 864 3856; x_wconf 92' lang='lat' dir='ltr'><strong>die</strong></span> <span class='ocrx_word' id='word_1_242' title='bbox 887 3799 1086 3874; x_wconf 85' lang='lat' dir='ltr'><strong>Verbindung</strong></span> <span class='ocrx_word' id='word_1_243' title='bbox 1119 3819 1176 3857; x_wconf 89' lang='lat' dir='ltr'><strong>von</strong></span> <span class='ocrx_word' id='word_1_244' title='bbox 1210 3800 1284 3856; x_wconf 91' lang='lat' dir='ltr'><strong>bild-</strong></span> 
     </span>
     <span class='ocr_line' id='line_1_34' title="bbox 113 3902 1287 3990; baseline 0.001 -26"><span class='ocrx_word' id='word_1_245' title='bbox 113 3907 226 3964; x_wconf 89' lang='lat' dir='ltr'><strong>lichem</strong></span> <span class='ocrx_word' id='word_1_246' title='bbox 260 3907 320 3964; x_wconf 91' lang='lat' dir='ltr'><strong>und</strong></span> <span class='ocrx_word' id='word_1_247' title='bbox 355 3906 562 3982; x_wconf 86' lang='lat' dir='ltr'><strong>cigentlichem</strong></span> <span class='ocrx_word' id='word_1_248' title='bbox 597 3906 754 3963; x_wconf 89' lang='lat' dir='ltr'><strong>Ausdruck</strong></span> <span class='ocrx_word' id='word_1_249' title='bbox 789 3905 851 3962; x_wconf 89' lang='lat' dir='ltr'><strong>sich</strong></span> <span class='ocrx_word' id='word_1_250' title='bbox 885 3907 951 3962; x_wconf 85' lang='lat' dir='ltr'><strong>klar</strong></span> <span class='ocrx_word' id='word_1_251' title='bbox 985 3907 1101 3964; x_wconf 87' lang='lat' dir='ltr'><strong>macht:</strong></span> <span class='ocrx_word' id='word_1_252' title='bbox 1149 3902 1287 3990; x_wconf 69' lang='grc' dir='ltr'><strong><em>θολερός</em></strong></span> 
     </span>
     <span class='ocr_line' id='line_1_35' title="bbox 114 4011 1284 4083; baseline -0.003 -13"><span class='ocrx_word' id='word_1_253' title='bbox 114 4012 200 4071; x_wconf 90' lang='lat' dir='ltr'><strong>weist</strong></span> <span class='ocrx_word' id='word_1_254' title='bbox 224 4014 278 4070; x_wconf 86' lang='lat' dir='ltr'><strong>aui</strong></span> <span class='ocrx_word' id='word_1_255' title='bbox 296 4013 356 4070; x_wconf 87' lang='lat' dir='ltr'><strong>den</strong></span> <span class='ocrx_word' id='word_1_256' title='bbox 380 4012 530 4070; x_wconf 87' lang='lat' dir='ltr'><strong>Schlamm</strong></span> <span class='ocrx_word' id='word_1_257' title='bbox 549 4011 610 4083; x_wconf 92' lang='lat' dir='ltr'><strong>hin,</strong></span> <span class='ocrx_word' id='word_1_258' title='bbox 629 4012 756 4069; x_wconf 87' lang='lat' dir='ltr'><strong>welcher</strong></span> <span class='ocrx_word' id='word_1_259' title='bbox 772 4011 865 4068; x_wconf 87' lang='lat' dir='ltr'><strong>durch</strong></span> <span class='ocrx_word' id='word_1_260' title='bbox 883 4011 940 4069; x_wconf 82' lang='lat' dir='ltr'><strong>d&#39;en</strong></span> <span class='ocrx_word' id='word_1_261' title='bbox 960 4013 1056 4069; x_wconf 86' lang='lat' dir='ltr'><strong>Sturm</strong></span> <span class='ocrx_word' id='word_1_262' title='bbox 1072 4032 1140 4070; x_wconf 90' lang='lat' dir='ltr'><strong>vom</strong></span> <span class='ocrx_word' id='word_1_263' title='bbox 1159 4013 1284 4069; x_wconf 89' lang='lat' dir='ltr'><strong>Meeres-</strong></span> 
     </span>
     <span class='ocr_line' id='line_1_36' title="bbox 112 4099 1286 4196; baseline 0 -20"><span class='ocrx_word' id='word_1_264' title='bbox 112 4120 232 4196; x_wconf 89' lang='lat' dir='ltr'><strong>grunde</strong></span> <span class='ocrx_word' id='word_1_265' title='bbox 264 4099 443 4194; x_wconf 81' lang='lat' dir='ltr'><strong>ausgewiihlt</strong></span> <span class='ocrx_word' id='word_1_266' title='bbox 476 4118 558 4176; x_wconf 86' lang='lat' dir='ltr'><strong>wird</strong></span> <span class='ocrx_word' id='word_1_267' title='bbox 585 4152 626 4159; x_wconf 92' lang='lat'><strong>—</strong></span> <span class='ocrx_word' id='word_1_268' title='bbox 651 4151 692 4159; x_wconf 88' lang='lat'><strong>--</strong></span> <span class='ocrx_word' id='word_1_269' title='bbox 717 4118 782 4175; x_wconf 89' lang='lat' dir='ltr'><strong>Wie</strong></span> <span class='ocrx_word' id='word_1_270' title='bbox 813 4118 862 4175; x_wconf 88' lang='lat' dir='ltr'><strong>die</strong></span> <span class='ocrx_word' id='word_1_271' title='bbox 895 4120 1061 4193; x_wconf 84' lang='lat' dir='ltr'><strong>wogenden</strong></span> <span class='ocrx_word' id='word_1_272' title='bbox 1085 4119 1200 4176; x_wconf 91' lang='lat' dir='ltr'><strong>Wellen</strong></span> <span class='ocrx_word' id='word_1_273' title='bbox 1233 4119 1286 4176; x_wconf 93' lang='lat' dir='ltr'><strong>des</strong></span> 
     </span>
     <span class='ocr_line' id='line_1_37' title="bbox 113 4221 1286 4305; baseline -0.002 -21"><span class='ocrx_word' id='word_1_274' title='bbox 113 4227 234 4284; x_wconf 88' lang='lat' dir='ltr'><strong>Meeres</strong></span> <span class='ocrx_word' id='word_1_275' title='bbox 258 4226 317 4283; x_wconf 90' lang='lat' dir='ltr'><strong>den</strong></span> <span class='ocrx_word' id='word_1_276' title='bbox 342 4225 561 4300; x_wconf 85' lang='lat' dir='ltr'><strong>ansgewiihlten</strong></span> <span class='ocrx_word' id='word_1_277' title='bbox 586 4225 737 4281; x_wconf 89' lang='lat' dir='ltr'><strong>Schlamm</strong></span> <span class='ocrx_word' id='word_1_278' title='bbox 755 4225 827 4281; x_wconf 85' lang='lat' dir='ltr'><strong>bald</strong></span> <span class='ocrx_word' id='word_1_279' title='bbox 844 4224 946 4291; x_wconf 87' lang='lat' dir='ltr'><strong>dahin,</strong></span> <span class='ocrx_word' id='word_1_280' title='bbox 963 4225 1035 4281; x_wconf 92' lang='lat' dir='ltr'><strong>bald</strong></span> <span class='ocrx_word' id='word_1_281' title='bbox 1052 4224 1171 4281; x_wconf 88' lang='lat' dir='ltr'><strong>dorthin</strong></span> <span class='ocrx_word' id='word_1_282' title='bbox 1189 4221 1286 4305; x_wconf 70' lang='grc' dir='ltr'><strong><em>(εἰκῆ)</em></strong></span> 
     </span>
     <span class='ocr_line' id='line_1_38' title="bbox 111 4298 1286 4405; baseline -0.003 -15"><span class='ocrx_word' id='word_1_283' title='bbox 111 4333 234 4401; x_wconf 68' lang='lat' dir='ltr'><strong>fabren,</strong></span> <span class='ocrx_word' id='word_1_284' title='bbox 259 4351 293 4388; x_wconf 93' lang='lat' dir='ltr'><strong>so</strong></span> <span class='ocrx_word' id='word_1_285' title='bbox 317 4332 435 4389; x_wconf 89' lang='lat' dir='ltr'><strong>werden</strong></span> <span class='ocrx_word' id='word_1_286' title='bbox 460 4330 510 4388; x_wconf 91' lang='lat' dir='ltr'><strong>die</strong></span> <span class='ocrx_word' id='word_1_287' title='bbox 535 4349 572 4386; x_wconf 87' lang='lat' dir='ltr'><strong>an</strong></span> <span class='ocrx_word' id='word_1_288' title='bbox 598 4330 647 4388; x_wconf 89' lang='lat' dir='ltr'><strong>die</strong></span> <span class='ocrx_word' id='word_1_289' title='bbox 664 4331 780 4405; x_wconf 87' lang='lat' dir='ltr'><strong>Wogen</strong></span> <span class='ocrx_word' id='word_1_290' title='bbox 806 4332 859 4388; x_wconf 88' lang='lat' dir='ltr'><strong>des</strong></span> <span class='ocrx_word' id='word_1_291' title='bbox 875 4331 1066 4388; x_wconf 88' lang='lat' dir='ltr'><strong>Verderbens</strong></span> <span class='ocrx_word' id='word_1_292' title='bbox 1083 4298 1286 4404; x_wconf 72' lang='lat' dir='ltr'><strong>schlagenden</strong></span> 
     </span>
     <span class='ocr_line' id='line_1_39' title="bbox 112 4436 1287 4516; baseline -0.003 -16"><span class='ocrx_word' id='word_1_293' title='bbox 112 4439 228 4500; x_wconf 83' lang='lat' dir='ltr'><strong>Redeo</strong></span> <span class='ocrx_word' id='word_1_294' title='bbox 251 4456 310 4497; x_wconf 86' lang='lat' dir='ltr'><strong>von</strong></span> <span class='ocrx_word' id='word_1_295' title='bbox 334 4437 498 4497; x_wconf 87' lang='lat' dir='ltr'><strong>denselben</strong></span> <span class='ocrx_word' id='word_1_296' title='bbox 524 4436 605 4514; x_wconf 87' lang='lat' dir='ltr'><strong>plan·</strong></span> <span class='ocrx_word' id='word_1_297' title='bbox 631 4436 692 4496; x_wconf 90' lang='lat' dir='ltr'><strong>und</strong></span> <span class='ocrx_word' id='word_1_298' title='bbox 717 4438 916 4515; x_wconf 80' lang='lat' dir='ltr'><strong>ordnungslos</strong></span> <span class='ocrx_word' id='word_1_299' title='bbox 940 4436 1227 4516; x_wconf 82' lang='lat' dir='ltr'><strong>herunrgetrieben.«</strong></span> <span class='ocrx_word' id='word_1_300' title='bbox 1245 4470 1287 4478; x_wconf 46' lang='grc'><strong>’-</strong></span> 
     </span>
    </p>
   </div>
   <div class='ocr_carea' id='block_1_5' title="bbox 1237 4610 1420 4808">
    <p class='ocr_par' dir='ltr' id='par_1_13' title="bbox 1237 4610 1420 4808">
     <span class='ocr_line' id='line_1_40' title="bbox 1237 4610 1420 4808; baseline 0 0"><span class='ocrx_word' id='word_1_301' title='bbox 1237 4610 1420 4808; x_wconf 70' lang='lat' dir='ltr'><em>P</em></span> 
     </span>
    </p>
   </div>
   <div class='ocr_carea' id='block_1_6' title="bbox 0 0 1494 5122">
    <p class='ocr_par' dir='ltr' id='par_1_14' title="bbox 0 0 1494 5122">
     <span class='ocr_line' id='line_1_41' title="bbox 0 0 1494 5122; baseline 0 0"><span class='ocrx_word' id='word_1_302' title='bbox 0 0 1494 5122; x_wconf 95' lang='lat' dir='ltr'><strong> </strong></span> 
     </span>
    </p>
   </div>
  </div>
 </body>
</html>
